=LDR  01530nam  2200373Ia 45e0
=001  001077095
=003  OCoLC
=005  20180711120957.0
=008  161006s1947\\\\mdu\\\\\ob\\\f000\0\eng\d
=024  8\$aGOVPUB-C13-c92f6cccfa53733026844442422af04f
=035  \\$a(OCoLC)959982587
=040  \\$aNBS$beng$erda$cNBS$dOCLCO$dOCLCQ
=086  0\$aC 13.38:1946-1947
=110  2\$aApplied Mathematics Division.
=245  10$aActivities in applied mathematics :$b1946-1947 /$cApplied Mathematics Division.
=264  \1$aGaithersburg, MD :$bU.S. Dept. of Commerce, National Institute of Standards and Technology,$c1947.
=300  \\$a1 online resource.
=336  \\$atext$btxt$2rdacontent
=337  \\$acomputer$bc$2rdamedia
=338  \\$aonline resource$bcr$2rdacarrier
=490  1\$aNBS report ;$v1946-1947
=500  \\$a1947.
=500  \\$aContributed record: Metadata reviewed, not verified. Some fields updated by batch processes.
=500  \\$aTitle from PDF title page.
=504  \\$aIncludes bibliographical references.
=650  \0$aMathematics$xResearch.
=710  1\$aUnited States.$bNational Bureau of Standards.
=830  \0$aNBS report ;$v1946-1947.
=856  4\$uhttps://dx.doi.org/10.6028/NBS.RPT.1946-1947
=856  4\$zAddress at time of PURL creation$uhttps://www.govinfo.gov/content/pkg/GOVPUB-C13-c92f6cccfa53733026844442422af04f/pdf/GOVPUB-C13-c92f6cccfa53733026844442422af04f.pdf
=856  40$uhttps://purl.fdlp.gov/GPO/gpo102937
=049  \\$aGPOO
=922  \\$aBatch-processed
=922  \\$aNIST-1$b20180815

