=LDR  01595nam  2200397Ia 45e0
=001  001076510
=003  OCoLC
=005  20180711121000.0
=008  161006s1951\\\\mdu\\\\\ob\\\f000\0\eng\d
=024  8\$aGOVPUB-C13-305d418521afbcb8195581cc843ce7e7
=035  \\$a(OCoLC)959982755
=040  \\$aNBS$beng$erda$cNBS$dOCLCO$dOCLCF$dOCLCQ
=086  0\$aC 13.38:1298
=100  1\$aChung, Kai Lai,$d1917-2009.
=245  10$aContribution to the theory of Markov chains /$cKai Lai Chung.
=264  \1$aGaithersburg, MD :$bU.S. Dept. of Commerce, National Institute of Standards and Technology,$c1951.
=300  \\$a1 online resource.
=336  \\$atext$btxt$2rdacontent
=337  \\$acomputer$bc$2rdamedia
=338  \\$aonline resource$bcr$2rdacarrier
=490  1\$aNBS report ;$v1298
=500  \\$a1951.
=500  \\$aContributed record: Metadata reviewed, not verified. Some fields updated by batch processes.
=500  \\$aTitle from PDF title page.
=504  \\$aIncludes bibliographical references.
=650  \0$aMarkov processes.
=650  \7$aMarkov processes.$2fast$0(OCoLC)fst01010347
=700  1\$aChung, Kai Lai,$d1917-2009.
=710  1\$aUnited States.$bNational Bureau of Standards.
=830  \0$aNBS report ;$v1298.
=856  4\$uhttps://dx.doi.org/10.6028/NBS.RPT.1298
=856  4\$zAddress at time of PURL creation$uhttps://www.govinfo.gov/content/pkg/GOVPUB-C13-305d418521afbcb8195581cc843ce7e7/pdf/GOVPUB-C13-305d418521afbcb8195581cc843ce7e7.pdf
=856  40$uhttps://purl.fdlp.gov/GPO/gpo96306
=049  \\$aGPOO
=922  \\$aBatch-processed
=922  \\$aNIST-1$b20180815

