=LDR  01693nam  2200421Ia 45e0
=001  001077122
=003  OCoLC
=005  20180711121000.0
=008  161006s1951\\\\mdu\\\\\ob\\\f000\0\eng\d
=024  8\$aGOVPUB-C13-ce4fffdea54c67f0f7644f7e5ee34bc4
=035  \\$a(OCoLC)959982756
=040  \\$aNBS$beng$erda$cNBS$dOCLCO$dOCLCF$dOCLCQ
=086  0\$aC 13.38:1382
=100  1\$aChung, Kai Lai,$d1917-2009.
=245  12$aA useful form of the Strong Law of large numbers /$cKai Lai Chung.
=264  \1$aGaithersburg, MD :$bU.S. Dept. of Commerce, National Institute of Standards and Technology,$c1951.
=300  \\$a1 online resource.
=336  \\$atext$btxt$2rdacontent
=337  \\$acomputer$bc$2rdamedia
=338  \\$aonline resource$bcr$2rdacarrier
=490  1\$aNBS report ;$v1382
=500  \\$a1951.
=500  \\$aContributed record: Metadata reviewed, not verified. Some fields updated by batch processes.
=500  \\$aTitle from PDF title page.
=504  \\$aIncludes bibliographical references.
=650  \0$aLaw of large numbers.
=650  \0$aMathematics.
=650  \7$aLaw of large numbers.$2fast$0(OCoLC)fst00994048
=650  \7$aMathematics.$2fast$0(OCoLC)fst01012163
=700  1\$aChung, Kai Lai,$d1917-2009.
=710  1\$aUnited States.$bNational Bureau of Standards.
=830  \0$aNBS report ;$v1382.
=856  4\$uhttps://dx.doi.org/10.6028/NBS.RPT.1382
=856  4\$zAddress at time of PURL creation$uhttps://www.govinfo.gov/content/pkg/GOVPUB-C13-ce4fffdea54c67f0f7644f7e5ee34bc4/pdf/GOVPUB-C13-ce4fffdea54c67f0f7644f7e5ee34bc4.pdf
=856  40$uhttps://purl.fdlp.gov/GPO/gpo103141
=049  \\$aGPOO
=922  \\$aBatch-processed
=922  \\$aNIST-1$b20180815

