=LDR  01633nam  2200397Ia 45e0
=001  001077134
=003  OCoLC
=005  20180711121000.0
=008  161006s1951\\\\mdu\\\\\ob\\\f000\0\eng\d
=024  8\$aGOVPUB-C13-d133055a77afd195c11ecb4eabae32f4
=035  \\$a(OCoLC)959982768
=040  \\$aNBS$beng$erda$cNBS$dOCLCO$dOCLCQ
=086  0\$aC 13.38:1446
=100  1\$aGrunewald, A. H.
=245  10$aSilicate cement :$bmethod of mixing in a closed container to prevent effects of exposure to atmosphere /$cA.H. Grunewald, I.C. Schoonover, George Dickson.
=264  \1$aGaithersburg, MD :$bU.S. Dept. of Commerce, National Institute of Standards and Technology,$c1951.
=300  \\$a1 online resource.
=336  \\$atext$btxt$2rdacontent
=337  \\$acomputer$bc$2rdamedia
=338  \\$aonline resource$bcr$2rdacarrier
=490  1\$aNBS report ;$v1446
=500  \\$a1951.
=500  \\$aContributed record: Metadata reviewed, not verified. Some fields updated by batch processes.
=500  \\$aTitle from PDF title page.
=504  \\$aIncludes bibliographical references.
=700  1\$aDickson, George.
=700  1\$aGrunewald, A. H.
=700  1\$aSchoonover, I. C.
=710  1\$aUnited States.$bNational Bureau of Standards.
=830  \0$aNBS report ;$v1446.
=856  4\$uhttps://dx.doi.org/10.6028/NBS.RPT.1446
=856  4\$zAddress at time of PURL creation$uhttps://www.govinfo.gov/content/pkg/GOVPUB-C13-d133055a77afd195c11ecb4eabae32f4/pdf/GOVPUB-C13-d133055a77afd195c11ecb4eabae32f4.pdf
=856  40$uhttps://purl.fdlp.gov/GPO/gpo103251
=049  \\$aGPOO
=922  \\$aBatch-processed
=922  \\$aNIST-1$b20180815

