=LDR  01720nam  2200445Ia 45e0
=001  001076407
=003  OCoLC
=005  20180711120956.0
=008  161006s1951\\\\mdu\\\\\ob\\\f000\0\eng\d
=024  8\$aGOVPUB-C13-179d075b0417854b2421c7901faf25b0
=035  \\$a(OCoLC)959982529
=040  \\$aNBS$beng$erda$cNBS$dOCLCO$dOCLCF$dOCLCQ
=086  0\$aC 13.38:1313
=100  1\$aKing, E. P.
=245  10$aCombining tolerances /$cE.P. King.
=264  \1$aGaithersburg, MD :$bU.S. Dept. of Commerce, National Institute of Standards and Technology,$c1951.
=300  \\$a1 online resource.
=336  \\$atext$btxt$2rdacontent
=337  \\$acomputer$bc$2rdamedia
=338  \\$aonline resource$bcr$2rdacarrier
=490  1\$aNBS report ;$v1313
=500  \\$a1951.
=500  \\$aContributed record: Metadata reviewed, not verified. Some fields updated by batch processes.
=500  \\$aTitle from PDF title page.
=504  \\$aIncludes bibliographical references.
=650  \0$aCapacitors.
=650  \0$aElectric circuits.
=650  \0$aStandard deviations.
=650  \7$aCapacitors.$2fast$0(OCoLC)fst00846199
=650  \7$aElectric circuits.$2fast$0(OCoLC)fst00904545
=650  \7$aStandard deviations.$2fast$0(OCoLC)fst01131453
=700  1\$aKing, E. P.
=710  1\$aUnited States.$bNational Bureau of Standards.
=830  \0$aNBS report ;$v1313.
=856  4\$uhttps://dx.doi.org/10.6028/NBS.RPT.1313
=856  4\$zAddress at time of PURL creation$uhttps://www.govinfo.gov/content/pkg/GOVPUB-C13-179d075b0417854b2421c7901faf25b0/pdf/GOVPUB-C13-179d075b0417854b2421c7901faf25b0.pdf
=856  40$uhttps://purl.fdlp.gov/GPO/gpo95324
=049  \\$aGPOO
=922  \\$aBatch-processed
=922  \\$aNIST-1$b20180815

