=LDR  01629nam  2200397Ia 45e0
=001  001076801
=003  OCoLC
=005  20180711121000.0
=008  161006s1951\\\\mdu\\\\\ob\\\f000\0\eng\d
=024  8\$aGOVPUB-C13-78eb0334d4fdcd23725e0ade71cc1d0b
=035  \\$a(OCoLC)959982791
=040  \\$aNBS$beng$erda$cNBS$dOCLCO$dOCLCF$dOCLCQ
=086  0\$aC 13.38:1759
=100  1\$aOstrowski, A. M.
=245  10$aOn the convergence of cyclic linear iterations for symmetric and nearly symmetric matrices, II /$cA.M. Ostrowski.
=264  \1$aGaithersburg, MD :$bU.S. Dept. of Commerce, National Institute of Standards and Technology,$c1951.
=300  \\$a1 online resource.
=336  \\$atext$btxt$2rdacontent
=337  \\$acomputer$bc$2rdamedia
=338  \\$aonline resource$bcr$2rdacarrier
=490  1\$aNBS report ;$v1759
=500  \\$a1951.
=500  \\$aContributed record: Metadata reviewed, not verified. Some fields updated by batch processes.
=500  \\$aTitle from PDF title page.
=504  \\$aIncludes bibliographical references.
=650  \0$aSymmetric matrices.
=650  \7$aSymmetric matrices.$2fast$0(OCoLC)fst01140805
=700  1\$aOstrowski, A. M.
=710  1\$aUnited States.$bNational Bureau of Standards.
=830  \0$aNBS report ;$v1759.
=856  4\$uhttps://dx.doi.org/10.6028/NBS.RPT.1759
=856  4\$zAddress at time of PURL creation$uhttps://www.govinfo.gov/content/pkg/GOVPUB-C13-78eb0334d4fdcd23725e0ade71cc1d0b/pdf/GOVPUB-C13-78eb0334d4fdcd23725e0ade71cc1d0b.pdf
=856  40$uhttps://purl.fdlp.gov/GPO/gpo99550
=049  \\$aGPOO
=922  \\$aBatch-processed
=922  \\$aNIST-1$b20180815

