=LDR  01598nam  2200397Ia 45e0
=001  001076962
=003  OCoLC
=005  20180711121000.0
=008  161006s1951\\\\mdu\\\\\ob\\\f000\0\eng\d
=024  8\$aGOVPUB-C13-a8a6a5038f5d9be71f6ed2749c666a68
=035  \\$a(OCoLC)959982757
=040  \\$aNBS$beng$erda$cNBS$dOCLCO$dOCLCQ
=086  0\$aC 13.38:1455
=100  1\$aPosner, Aaron S.
=245  10$aCrystallographic investigation of tricalcium phosphate hydrate /$cAaron S. Posner, Samuel R. Stephenson.
=264  \1$aGaithersburg, MD :$bU.S. Dept. of Commerce, National Institute of Standards and Technology,$c1951.
=300  \\$a1 online resource.
=336  \\$atext$btxt$2rdacontent
=337  \\$acomputer$bc$2rdamedia
=338  \\$aonline resource$bcr$2rdacarrier
=490  1\$aNBS report ;$v1455
=500  \\$a1951.
=500  \\$aContributed record: Metadata reviewed, not verified. Some fields updated by batch processes.
=500  \\$aTitle from PDF title page.
=504  \\$aIncludes bibliographical references.
=650  \0$aCalcium phosphate$xTesting.
=700  1\$aPosner, Aaron S.
=700  1\$aStephenson, Samuel R.
=710  1\$aUnited States.$bNational Bureau of Standards.
=830  \0$aNBS report ;$v1455.
=856  4\$uhttps://dx.doi.org/10.6028/NBS.RPT.1455
=856  4\$zAddress at time of PURL creation$uhttps://www.govinfo.gov/content/pkg/GOVPUB-C13-a8a6a5038f5d9be71f6ed2749c666a68/pdf/GOVPUB-C13-a8a6a5038f5d9be71f6ed2749c666a68.pdf
=856  40$uhttps://purl.fdlp.gov/GPO/gpo101602
=049  \\$aGPOO
=922  \\$aBatch-processed
=922  \\$aNIST-1$b20180815

