=LDR  01676nam  2200409Ia 45e0
=001  001076560
=003  OCoLC
=005  20180711120940.0
=008  160829s1951\\\\mdu\\\\\ob\\\f000\0\eng\d
=024  8\$aGOVPUB-C13-3b34c3ec2fa3adfbb895295e1bf1170a
=035  \\$a(OCoLC)957470066
=040  \\$aNBS$beng$erda$cNBS$dOCLCO$dOCLCQ
=086  0\$aC 13.38:1320
=100  1\$aRyan, J. V.$q(James V.)
=245  10$aFire-endurance and hose-stream tests of partitions of vermiculite-gypsum plaster on metal lath and on gypsum lath /$cJames V. Ryan.
=264  \1$aGaithersburg, MD :$bU.S. Dept. of Commerce, National Institute of Standards and Technology,$c1951.
=300  \\$a1 online resource.
=336  \\$atext$btxt$2rdacontent
=337  \\$acomputer$bc$2rdamedia
=338  \\$aonline resource$bcr$2rdacarrier
=490  1\$aNBS report ;$v1320
=500  \\$a1951.
=500  \\$aContributed record: Metadata reviewed, not verified. Some fields updated by batch processes.
=500  \\$aTitle from PDF title page.
=504  \\$aIncludes bibliographical references.
=650  \0$aGypsum$xFire testing.
=650  \0$aPlaster$xFire testing.
=650  \0$aVermiculite$xFire testing.
=700  1\$aRyan, J. V.$q(James V.)
=710  1\$aUnited States.$bNational Bureau of Standards.
=830  \0$aNBS report ;$v1320.
=856  4\$uhttps://dx.doi.org/10.6028/NBS.RPT.1320
=856  4\$zAddress at time of PURL creation$uhttps://www.govinfo.gov/content/pkg/GOVPUB-C13-3b34c3ec2fa3adfbb895295e1bf1170a/pdf/GOVPUB-C13-3b34c3ec2fa3adfbb895295e1bf1170a.pdf
=856  40$uhttps://purl.fdlp.gov/GPO/gpo96790
=049  \\$aGPOO
=922  \\$aBatch-processed
=922  \\$aNIST-1$b20180815

