=LDR  01735nam  2200433Ia 45e0
=001  001076555
=003  OCoLC
=005  20180711120956.0
=008  161006s1951\\\\mdu\\\\\ob\\\f000\0\eng\d
=024  8\$aGOVPUB-C13-3a789fdb65574f4a78cd3121cb1ef6d6
=035  \\$a(OCoLC)959982526
=040  \\$aNBS$beng$erda$cNBS$dOCLCO$dOCLCF$dOCLCQ
=086  0\$aC 13.38:1167
=110  1\$aUnited States.$bNational Bureau of Standards.
=245  10$aTable of the first moment of ranked extremes /$cNational Bureau of Standards.
=264  \1$aGaithersburg, MD :$bU.S. Dept. of Commerce, National Institute of Standards and Technology,$c1951.
=300  \\$a1 online resource.
=336  \\$atext$btxt$2rdacontent
=337  \\$acomputer$bc$2rdamedia
=338  \\$aonline resource$bcr$2rdacarrier
=490  1\$aNBS report ;$v1167
=500  \\$a1951.
=500  \\$aContributed record: Metadata reviewed, not verified. Some fields updated by batch processes.
=500  \\$aTitle from PDF title page.
=504  \\$aIncludes bibliographical references.
=650  \0$aAirplanes.
=650  \0$aGust loads.
=650  \0$aStatistics.
=650  \7$aAirplanes.$2fast$0(OCoLC)fst00803053
=650  \7$aGust loads.$2fast$0(OCoLC)fst00949518
=650  \7$aStatistics.$2fast$0(OCoLC)fst01132103
=710  1\$aUnited States.$bNational Bureau of Standards.
=830  \0$aNBS report ;$v1167.
=856  4\$uhttps://dx.doi.org/10.6028/NBS.RPT.1167
=856  4\$zAddress at time of PURL creation$uhttps://www.govinfo.gov/content/pkg/GOVPUB-C13-3a789fdb65574f4a78cd3121cb1ef6d6/pdf/GOVPUB-C13-3a789fdb65574f4a78cd3121cb1ef6d6.pdf
=856  40$uhttps://purl.fdlp.gov/GPO/gpo96768
=049  \\$aGPOO
=922  \\$aBatch-processed
=922  \\$aNIST-1$b20180815

