=LDR  01593nam  2200385Ia 45e0
=001  001076533
=003  OCoLC
=005  20180711120940.0
=008  160829s1952\\\\mdu\\\\\ob\\\f000\0\eng\d
=024  8\$aGOVPUB-C13-34b37363833995ad334be85f721ba6ad
=035  \\$a(OCoLC)957470124
=040  \\$aNBS$beng$erda$cNBS$dOCLCO$dOCLCQ
=086  0\$aC 13.38:2082
=100  1\$aAchenbach, P. R.
=245  10$aSummary of research and development work done for OQMG from Oct. 1, 1951 to Oct. 1, 1952 /$cP.R. Achenbach, C.W. Phillips.
=264  \1$aGaithersburg, MD :$bU.S. Dept. of Commerce, National Institute of Standards and Technology,$c1952.
=300  \\$a1 online resource.
=336  \\$atext$btxt$2rdacontent
=337  \\$acomputer$bc$2rdamedia
=338  \\$aonline resource$bcr$2rdacarrier
=490  1\$aNBS report ;$v2082
=500  \\$a1952.
=500  \\$aContributed record: Metadata reviewed, not verified. Some fields updated by batch processes.
=500  \\$aTitle from PDF title page.
=504  \\$aIncludes bibliographical references.
=700  1\$aAchenbach, P. R.
=700  1\$aPhillips, C. W.$q(Clinton Woodward),$d1919-
=710  1\$aUnited States.$bNational Bureau of Standards.
=830  \0$aNBS report ;$v2082.
=856  4\$uhttps://dx.doi.org/10.6028/NBS.RPT.2082
=856  4\$zAddress at time of PURL creation$uhttps://www.govinfo.gov/content/pkg/GOVPUB-C13-34b37363833995ad334be85f721ba6ad/pdf/GOVPUB-C13-34b37363833995ad334be85f721ba6ad.pdf
=856  40$uhttps://purl.fdlp.gov/GPO/gpo96589
=049  \\$aGPOO
=922  \\$aBatch-processed
=922  \\$aNIST-1$b20180815

