=LDR  01617nam  2200409Ia 45e0
=001  001077258
=003  OCoLC
=005  20180711121000.0
=008  161006s1952\\\\mdu\\\\\ob\\\f000\0\eng\d
=024  8\$aGOVPUB-C13-effabcd8cbcd5c6dcbf6d19f4ed876a0
=035  \\$a(OCoLC)959982811
=040  \\$aNBS$beng$erda$cNBS$dOCLCO$dOCLCF$dOCLCQ
=086  0\$aC 13.38:1888
=100  1\$aAntosiewicz, H. A.
=245  14$aThe convergence of numerical iteration /$cH.A. Antosiewicz, J.M. Hammersley.
=264  \1$aGaithersburg, MD :$bU.S. Dept. of Commerce, National Institute of Standards and Technology,$c1952.
=300  \\$a1 online resource.
=336  \\$atext$btxt$2rdacontent
=337  \\$acomputer$bc$2rdamedia
=338  \\$aonline resource$bcr$2rdacarrier
=490  1\$aNBS report ;$v1888
=500  \\$a1952.
=500  \\$aContributed record: Metadata reviewed, not verified. Some fields updated by batch processes.
=500  \\$aTitle from PDF title page.
=504  \\$aIncludes bibliographical references.
=650  \0$aConvergence.
=650  \7$aConvergence.$2fast$0(OCoLC)fst00877195
=700  1\$aAntosiewicz, H. A.
=700  1\$aHammersley, J. M.
=710  1\$aUnited States.$bNational Bureau of Standards.
=830  \0$aNBS report ;$v1888.
=856  4\$uhttps://dx.doi.org/10.6028/NBS.RPT.1888
=856  4\$zAddress at time of PURL creation$uhttps://www.govinfo.gov/content/pkg/GOVPUB-C13-effabcd8cbcd5c6dcbf6d19f4ed876a0/pdf/GOVPUB-C13-effabcd8cbcd5c6dcbf6d19f4ed876a0.pdf
=856  40$uhttps://purl.fdlp.gov/GPO/gpo104788
=049  \\$aGPOO
=922  \\$aBatch-processed
=922  \\$aNIST-1$b20180815

