=LDR  01604nam  2200397Ia 45e0
=001  001076396
=003  OCoLC
=005  20180711121000.0
=008  161006s1952\\\\mdu\\\\\ob\\\f000\0\eng\d
=024  8\$aGOVPUB-C13-151c2b5ef973456bb12edf33d6d3a755
=035  \\$a(OCoLC)959982786
=040  \\$aNBS$beng$erda$cNBS$dOCLCO$dOCLCF$dOCLCQ
=086  0\$aC 13.38:1602
=100  1\$aConnor, W. S.
=245  10$aSome relations among the blocks of symmetrical group divisible designs /$cW.S. Connor.
=264  \1$aGaithersburg, MD :$bU.S. Dept. of Commerce, National Institute of Standards and Technology,$c1952.
=300  \\$a1 online resource.
=336  \\$atext$btxt$2rdacontent
=337  \\$acomputer$bc$2rdamedia
=338  \\$aonline resource$bcr$2rdacarrier
=490  1\$aNBS report ;$v1602
=500  \\$a1952.
=500  \\$aContributed record: Metadata reviewed, not verified. Some fields updated by batch processes.
=500  \\$aTitle from PDF title page.
=504  \\$aIncludes bibliographical references.
=650  \0$aCombinatorial analysis.
=650  \7$aCombinatorial analysis.$2fast$0(OCoLC)fst00868961
=700  1\$aConnor, W. S.
=710  1\$aUnited States.$bNational Bureau of Standards.
=830  \0$aNBS report ;$v1602.
=856  4\$uhttps://dx.doi.org/10.6028/NBS.RPT.1602
=856  4\$zAddress at time of PURL creation$uhttps://www.govinfo.gov/content/pkg/GOVPUB-C13-151c2b5ef973456bb12edf33d6d3a755/pdf/GOVPUB-C13-151c2b5ef973456bb12edf33d6d3a755.pdf
=856  40$uhttps://purl.fdlp.gov/GPO/gpo95162
=049  \\$aGPOO
=922  \\$aBatch-processed
=922  \\$aNIST-1$b20180815

