=LDR  01780nam  2200457Ia 45e0
=001  001076969
=003  OCoLC
=005  20180711120940.0
=008  160829s1952\\\\mdu\\\\\ob\\\f000\0\eng\d
=024  8\$aGOVPUB-C13-ab213b0f58e9d62b1dcc1d8936e91059
=035  \\$a(OCoLC)957470121
=040  \\$aNBS$beng$erda$cNBS$dOCLCO$dOCLCF$dOCLCQ
=086  0\$aC 13.38:2063
=100  1\$aCullen, W. C.
=245  10$aFirst progress report on protective coatings /$cW.C. Cullen, R.R. Myers.
=264  \1$aGaithersburg, MD :$bU.S. Dept. of Commerce, National Institute of Standards and Technology,$c1952.
=300  \\$a1 online resource.
=336  \\$atext$btxt$2rdacontent
=337  \\$acomputer$bc$2rdamedia
=338  \\$aonline resource$bcr$2rdacarrier
=490  1\$aNBS report ;$v2063
=500  \\$a1952.
=500  \\$aContributed record: Metadata reviewed, not verified. Some fields updated by batch processes.
=500  \\$aTitle from PDF title page.
=504  \\$aIncludes bibliographical references.
=650  \0$aGlass.
=650  \0$aMetals$xSurfaces.
=650  \0$aProtective coatings.
=650  \7$aGlass.$2fast$0(OCoLC)fst00943029
=650  \7$aMetals$xSurfaces.$2fast$0(OCoLC)fst01018201
=650  \7$aProtective coatings.$2fast$0(OCoLC)fst01079644
=700  1\$aCullen, W. C.
=700  1\$aMyers, R. R.
=710  1\$aUnited States.$bNational Bureau of Standards.
=830  \0$aNBS report ;$v2063.
=856  4\$uhttps://dx.doi.org/10.6028/NBS.RPT.2063
=856  4\$zAddress at time of PURL creation$uhttps://www.govinfo.gov/content/pkg/GOVPUB-C13-ab213b0f58e9d62b1dcc1d8936e91059/pdf/GOVPUB-C13-ab213b0f58e9d62b1dcc1d8936e91059.pdf
=856  40$uhttps://purl.fdlp.gov/GPO/gpo101682
=049  \\$aGPOO
=922  \\$aBatch-processed
=922  \\$aNIST-1$b20180815

