=LDR  01656nam  2200409Ia 45e0
=001  001076882
=003  OCoLC
=005  20180711121001.0
=008  161006s1952\\\\mdu\\\\\ob\\\f000\0\eng\d
=024  8\$aGOVPUB-C13-91a5a6548e2210e751baa90fdaad7780
=035  \\$a(OCoLC)959982838
=040  \\$aNBS$beng$erda$cNBS$dOCLCO$dOCLCF$dOCLCQ
=086  0\$aC 13.38:2096
=100  1\$aEisenhart, Churchill.
=245  12$aA test for statistical control applicable to a short series of observations /$cChurchill Eisenhart, Edgar P. King.
=264  \1$aGaithersburg, MD :$bU.S. Dept. of Commerce, National Institute of Standards and Technology,$c1952.
=300  \\$a1 online resource.
=336  \\$atext$btxt$2rdacontent
=337  \\$acomputer$bc$2rdamedia
=338  \\$aonline resource$bcr$2rdacarrier
=490  1\$aNBS report ;$v2096
=500  \\$a1952.
=500  \\$aContributed record: Metadata reviewed, not verified. Some fields updated by batch processes.
=500  \\$aTitle from PDF title page.
=504  \\$aIncludes bibliographical references.
=650  \0$aStatistics.
=650  \7$aStatistics.$2fast$0(OCoLC)fst01132103
=700  1\$aEisenhart, Churchill.
=700  1\$aKing, Edgar P.
=710  1\$aUnited States.$bNational Bureau of Standards.
=830  \0$aNBS report ;$v2096.
=856  4\$uhttps://dx.doi.org/10.6028/NBS.RPT.2096
=856  4\$zAddress at time of PURL creation$uhttps://www.govinfo.gov/content/pkg/GOVPUB-C13-91a5a6548e2210e751baa90fdaad7780/pdf/GOVPUB-C13-91a5a6548e2210e751baa90fdaad7780.pdf
=856  40$uhttps://purl.fdlp.gov/GPO/gpo100680
=049  \\$aGPOO
=922  \\$aBatch-processed
=922  \\$aNIST-1$b20180815

