=LDR  01677nam  2200409Ia 45e0
=001  001076816
=003  OCoLC
=005  20180711121000.0
=008  161006s1952\\\\mdu\\\\\ob\\\f000\0\eng\d
=024  8\$aGOVPUB-C13-7c83b9902ec5776f3c49f98ee18bcf67
=035  \\$a(OCoLC)959982773
=040  \\$aNBS$beng$erda$cNBS$dOCLCO$dOCLCF$dOCLCQ
=086  0\$aC 13.38:1643
=100  1\$aForsythe, A. I.
=245  10$aI.B.M. experiments with accelerated gradient methods for linear equations /$cA.I. Forsythe, George E. Forsythe.
=264  \1$aGaithersburg, MD :$bU.S. Dept. of Commerce, National Institute of Standards and Technology,$c1952.
=300  \\$a1 online resource.
=336  \\$atext$btxt$2rdacontent
=337  \\$acomputer$bc$2rdamedia
=338  \\$aonline resource$bcr$2rdacarrier
=490  1\$aNBS report ;$v1643
=500  \\$a1952.
=500  \\$aContributed record: Metadata reviewed, not verified. Some fields updated by batch processes.
=500  \\$aTitle from PDF title page.
=504  \\$aIncludes bibliographical references.
=650  \0$aConjugate gradient methods.
=650  \7$aConjugate gradient methods.$2fast$0(OCoLC)fst00875318
=700  1\$aForsythe, A. I.
=700  1\$aForsythe, George E.
=710  1\$aUnited States.$bNational Bureau of Standards.
=830  \0$aNBS report ;$v1643.
=856  4\$uhttps://dx.doi.org/10.6028/NBS.RPT.1643
=856  4\$zAddress at time of PURL creation$uhttps://www.govinfo.gov/content/pkg/GOVPUB-C13-7c83b9902ec5776f3c49f98ee18bcf67/pdf/GOVPUB-C13-7c83b9902ec5776f3c49f98ee18bcf67.pdf
=856  40$uhttps://purl.fdlp.gov/GPO/gpo99694
=049  \\$aGPOO
=922  \\$aBatch-processed
=922  \\$aNIST-1$b20180815

