=LDR  01554nam  2200397Ia 45e0
=001  001077046
=003  OCoLC
=005  20180711120935.0
=008  161006s1952\\\\mdu\\\\\ob\\\f000\0\eng\d
=024  8\$aGOVPUB-C13-bed4623ce7b06c216617f5f56c3fd352
=035  \\$a(OCoLC)959982831
=040  \\$aNBS$beng$erda$cNBS$dOCLCO$dOCLCF$dOCLCQ
=086  0\$aC 13.38:2007
=100  1\$aForsythe, G. E.
=245  10$aFour articles on numerical matrix methods /$cG.E. Forsythe.
=264  \1$aGaithersburg, MD :$bU.S. Dept. of Commerce, National Institute of Standards and Technology,$c1952.
=300  \\$a1 online resource.
=336  \\$atext$btxt$2rdacontent
=337  \\$acomputer$bc$2rdamedia
=338  \\$aonline resource$bcr$2rdacarrier
=490  1\$aNBS report ;$v2007
=500  \\$a1952.
=500  \\$aContributed record: Metadata reviewed, not verified. Some fields updated by batch processes.
=500  \\$aTitle from PDF title page.
=504  \\$aIncludes bibliographical references.
=650  \0$aMatrices.
=650  \7$aMatrices.$2fast$0(OCoLC)fst01012399
=700  1\$aForsythe, G. E.
=710  1\$aUnited States.$bNational Bureau of Standards.
=830  \0$aNBS report ;$v2007.
=856  4\$uhttps://dx.doi.org/10.6028/NBS.RPT.2007
=856  4\$zAddress at time of PURL creation$uhttps://www.govinfo.gov/content/pkg/GOVPUB-C13-bed4623ce7b06c216617f5f56c3fd352/pdf/GOVPUB-C13-bed4623ce7b06c216617f5f56c3fd352.pdf
=856  40$uhttps://purl.fdlp.gov/GPO/gpo102476
=049  \\$aGPOO
=922  \\$aBatch-processed
=922  \\$aNIST-1$b20180815

