=LDR  01615nam  2200397Ia 45e0
=001  001077281
=003  OCoLC
=005  20180711120935.0
=008  161006s1952\\\\mdu\\\\\ob\\\f000\0\eng\d
=024  8\$aGOVPUB-C13-f88816708b60610f0a8ad12a6c8cf0c1
=035  \\$a(OCoLC)959982772
=040  \\$aNBS$beng$erda$cNBS$dOCLCO$dOCLCF$dOCLCQ
=086  0\$aC 13.38:1628
=100  1\$aForsythe, George E.
=245  10$aBibliographical survey of Russian mathematical monographs, 1930 to 1951 /$cGeorge E. Forsythe.
=264  \1$aGaithersburg, MD :$bU.S. Dept. of Commerce, National Institute of Standards and Technology,$c1952.
=300  \\$a1 online resource.
=336  \\$atext$btxt$2rdacontent
=337  \\$acomputer$bc$2rdamedia
=338  \\$aonline resource$bcr$2rdacarrier
=490  1\$aNBS report ;$v1628
=500  \\$a1952.
=500  \\$aContributed record: Metadata reviewed, not verified. Some fields updated by batch processes.
=500  \\$aTitle from PDF title page.
=504  \\$aIncludes bibliographical references.
=650  \0$aLight$xScattering.
=650  \7$aLight$xScattering.$2fast$0(OCoLC)fst00998499
=700  1\$aForsythe, George E.
=710  1\$aUnited States.$bNational Bureau of Standards.
=830  \0$aNBS report ;$v1628.
=856  4\$uhttps://dx.doi.org/10.6028/NBS.RPT.1628
=856  4\$zAddress at time of PURL creation$uhttps://www.govinfo.gov/content/pkg/GOVPUB-C13-f88816708b60610f0a8ad12a6c8cf0c1/pdf/GOVPUB-C13-f88816708b60610f0a8ad12a6c8cf0c1.pdf
=856  40$uhttps://purl.fdlp.gov/GPO/gpo105120
=049  \\$aGPOO
=922  \\$aBatch-processed
=922  \\$aNIST-1$b20180815

