=LDR  01598nam  2200397Ia 45e0
=001  001076729
=003  OCoLC
=005  20180711121000.0
=008  161006s1952\\\\mdu\\\\\ob\\\f000\0\eng\d
=024  8\$aGOVPUB-C13-64e002084dc35a6bcaf5060a919ba45d
=035  \\$a(OCoLC)959982769
=040  \\$aNBS$beng$erda$cNBS$dOCLCO$dOCLCF$dOCLCQ
=086  0\$aC 13.38:1473
=100  1\$aGaddum, Jerry W.
=245  12$aA theorem on convex cones with applications to linear inequalities /$cJerry W. Gaddum.
=264  \1$aGaithersburg, MD :$bU.S. Dept. of Commerce, National Institute of Standards and Technology,$c1952.
=300  \\$a1 online resource.
=336  \\$atext$btxt$2rdacontent
=337  \\$acomputer$bc$2rdamedia
=338  \\$aonline resource$bcr$2rdacarrier
=490  1\$aNBS report ;$v1473
=500  \\$a1952.
=500  \\$aContributed record: Metadata reviewed, not verified. Some fields updated by batch processes.
=500  \\$aTitle from PDF title page.
=504  \\$aIncludes bibliographical references.
=650  \0$aConvex functions.
=650  \7$aConvex functions.$2fast$0(OCoLC)fst00877260
=700  1\$aGaddum, Jerry W.
=710  1\$aUnited States.$bNational Bureau of Standards.
=830  \0$aNBS report ;$v1473.
=856  4\$uhttps://dx.doi.org/10.6028/NBS.RPT.1473
=856  4\$zAddress at time of PURL creation$uhttps://www.govinfo.gov/content/pkg/GOVPUB-C13-64e002084dc35a6bcaf5060a919ba45d/pdf/GOVPUB-C13-64e002084dc35a6bcaf5060a919ba45d.pdf
=856  40$uhttps://purl.fdlp.gov/GPO/gpo98754
=049  \\$aGPOO
=922  \\$aBatch-processed
=922  \\$aNIST-1$b20180815

