=LDR  01680nam  2200421Ia 45e0
=001  001076980
=003  OCoLC
=005  20180711120935.0
=008  161006s1952\\\\mdu\\\\\ob\\\f000\0\eng\d
=024  8\$aGOVPUB-C13-aee6f76decaaa0f2aff35cc9b29ba8b1
=035  \\$a(OCoLC)959982816
=040  \\$aNBS$beng$erda$cNBS$dOCLCO$dOCLCF$dOCLCQ
=086  0\$aC 13.38:1993
=100  1\$aGrab, Edwin.
=245  10$aTables of E(1/X) for positive Bernoullli and Poisson variables /$cEdwin Grab.
=264  \1$aGaithersburg, MD :$bU.S. Dept. of Commerce, National Institute of Standards and Technology,$c1952.
=300  \\$a1 online resource.
=336  \\$atext$btxt$2rdacontent
=337  \\$acomputer$bc$2rdamedia
=338  \\$aonline resource$bcr$2rdacarrier
=490  1\$aNBS report ;$v1993
=500  \\$a1952.
=500  \\$aContributed record: Metadata reviewed, not verified. Some fields updated by batch processes.
=500  \\$aTitle from PDF title page.
=504  \\$aIncludes bibliographical references.
=650  \0$aBernoulli numbers.
=650  \0$aPoisson processes.
=650  \7$aBernoulli numbers.$2fast$0(OCoLC)fst00830779
=650  \7$aPoisson processes.$2fast$0(OCoLC)fst01068210
=700  1\$aGrab, Edwin.
=710  1\$aUnited States.$bNational Bureau of Standards.
=830  \0$aNBS report ;$v1993.
=856  4\$uhttps://dx.doi.org/10.6028/NBS.RPT.1993
=856  4\$zAddress at time of PURL creation$uhttps://www.govinfo.gov/content/pkg/GOVPUB-C13-aee6f76decaaa0f2aff35cc9b29ba8b1/pdf/GOVPUB-C13-aee6f76decaaa0f2aff35cc9b29ba8b1.pdf
=856  40$uhttps://purl.fdlp.gov/GPO/gpo101835
=049  \\$aGPOO
=922  \\$aBatch-processed
=922  \\$aNIST-1$b20180815

