=LDR  01709nam  2200433Ia 45e0
=001  001076559
=003  OCoLC
=005  20180711120940.0
=008  160829s1952\\\\mdu\\\\\ob\\\f000\0\eng\d
=024  8\$aGOVPUB-C13-3b202ffb1b9447264d839607a6e0b2aa
=035  \\$a(OCoLC)957470116
=040  \\$aNBS$beng$erda$cNBS$dOCLCO$dOCLCQ$dOCLCF
=086  0\$aC 13.38:1944
=100  1\$aHutton, A. C.
=245  10$aInvestigation of fire resistance of aircraft fuselages /$cA.C. Hutton, J.V. Ryan.
=264  \1$aGaithersburg, MD :$bU.S. Dept. of Commerce, National Institute of Standards and Technology,$c1952.
=300  \\$a1 online resource.
=336  \\$atext$btxt$2rdacontent
=337  \\$acomputer$bc$2rdamedia
=338  \\$aonline resource$bcr$2rdacarrier
=490  1\$aNBS report ;$v1944
=500  \\$a1952.
=500  \\$aContributed record: Metadata reviewed, not verified. Some fields updated by batch processes.
=500  \\$aTitle from PDF title page.
=504  \\$aIncludes bibliographical references.
=650  \0$aAirplanes$xFuselage$xFire testing.
=650  \0$aAirplanes$xFuselage.
=650  \0$aFireproofing agents.
=650  \7$aAirplanes$xFuselage.$2fast$0(OCoLC)fst00803220
=700  1\$aHutton, A. C.
=700  1\$aRyan, J. V.
=710  1\$aUnited States.$bNational Bureau of Standards.
=830  \0$aNBS report ;$v1944.
=856  4\$uhttps://dx.doi.org/10.6028/NBS.RPT.1944
=856  4\$zAddress at time of PURL creation$uhttps://www.govinfo.gov/content/pkg/GOVPUB-C13-3b202ffb1b9447264d839607a6e0b2aa/pdf/GOVPUB-C13-3b202ffb1b9447264d839607a6e0b2aa.pdf
=856  40$uhttps://purl.fdlp.gov/GPO/gpo96786
=049  \\$aGPOO
=922  \\$aBatch-processed
=922  \\$aNIST-1$b20180815

