=LDR  01619nam  2200409Ia 45e0
=001  001077286
=003  OCoLC
=005  20180711120940.0
=008  160829s1952\\\\mdu\\\\\ob\\\f000\0\eng\d
=024  8\$aGOVPUB-C13-f9ddb12796e9dc349ca68bb3a490e242
=035  \\$a(OCoLC)957470117
=040  \\$aNBS$beng$erda$cNBS$dOCLCO$dOCLCF$dOCLCQ
=086  0\$aC 13.38:1947
=100  1\$aHutton, A. C.
=245  10$aFire hazard tests of substitute duct materials /$cA.C. Hutton, D. Gross.
=264  \1$aGaithersburg, MD :$bU.S. Dept. of Commerce, National Institute of Standards and Technology,$c1952.
=300  \\$a1 online resource.
=336  \\$atext$btxt$2rdacontent
=337  \\$acomputer$bc$2rdamedia
=338  \\$aonline resource$bcr$2rdacarrier
=490  1\$aNBS report ;$v1947
=500  \\$a1952.
=500  \\$aContributed record: Metadata reviewed, not verified. Some fields updated by batch processes.
=500  \\$aTitle from PDF title page.
=504  \\$aIncludes bibliographical references.
=650  \0$aAir ducts$xFire testing.
=650  \7$aAir ducts$xFire testing.$2fast$0(OCoLC)fst00802359
=700  1\$aGross, D.
=700  1\$aHutton, A. C.
=710  1\$aUnited States.$bNational Bureau of Standards.
=830  \0$aNBS report ;$v1947.
=856  4\$uhttps://dx.doi.org/10.6028/NBS.RPT.1947
=856  4\$zAddress at time of PURL creation$uhttps://www.govinfo.gov/content/pkg/GOVPUB-C13-f9ddb12796e9dc349ca68bb3a490e242/pdf/GOVPUB-C13-f9ddb12796e9dc349ca68bb3a490e242.pdf
=856  40$uhttps://purl.fdlp.gov/GPO/gpo105176
=049  \\$aGPOO
=922  \\$aBatch-processed
=922  \\$aNIST-1$b20180815

