=LDR  01653nam  2200409Ia 45e0
=001  001076792
=003  OCoLC
=005  20180711121000.0
=008  161006s1952\\\\mdu\\\\\ob\\\f000\0\eng\d
=024  8\$aGOVPUB-C13-760b0f721cb537b2352eb8948ce76773
=035  \\$a(OCoLC)959982760
=040  \\$aNBS$beng$erda$cNBS$dOCLCO$dOCLCF$dOCLCQ
=086  0\$aC 13.38:1553
=100  1\$aKac, Mark.
=245  12$aA statistical method for determining the lowest eigenvalue of Schrodinger's equation /$cMark Kac, Michael Cohen.
=264  \1$aGaithersburg, MD :$bU.S. Dept. of Commerce, National Institute of Standards and Technology,$c1952.
=300  \\$a1 online resource.
=336  \\$atext$btxt$2rdacontent
=337  \\$acomputer$bc$2rdamedia
=338  \\$aonline resource$bcr$2rdacarrier
=490  1\$aNBS report ;$v1553
=500  \\$a1952.
=500  \\$aContributed record: Metadata reviewed, not verified. Some fields updated by batch processes.
=500  \\$aTitle from PDF title page.
=504  \\$aIncludes bibliographical references.
=650  \0$aSchr{uml}odinger equation.
=650  \7$aSchrodinger equation.$2fast$0(OCoLC)fst01108121
=700  1\$aCohen, Michael.
=700  1\$aKac, Mark.
=710  1\$aUnited States.$bNational Bureau of Standards.
=830  \0$aNBS report ;$v1553.
=856  4\$uhttps://dx.doi.org/10.6028/NBS.RPT.1553
=856  4\$zAddress at time of PURL creation$uhttps://www.govinfo.gov/content/pkg/GOVPUB-C13-760b0f721cb537b2352eb8948ce76773/pdf/GOVPUB-C13-760b0f721cb537b2352eb8948ce76773.pdf
=856  40$uhttps://purl.fdlp.gov/GPO/gpo99420
=049  \\$aGPOO
=922  \\$aBatch-processed
=922  \\$aNIST-1$b20180815

