=LDR  01805nam  2200445Ia 45e0
=001  001076711
=003  OCoLC
=005  20180711120940.0
=008  160829s1952\\\\mdu\\\\\ob\\\f000\0\eng\d
=024  8\$aGOVPUB-C13-608310a2add9ebcdee6486e1fd1743a1
=035  \\$a(OCoLC)957470038
=040  \\$aNBS$beng$erda$cNBS$dOCLCO$dOCLCF$dOCLCQ
=086  0\$aC 13.38:2134
=100  1\$aKarger, Henry.
=245  10$aModel 320-CQ electric drinking water cooler manufactured by Filtrine Manufacturing Company /$cHenry Karger, C.W. Phillips, P.R. Achenbach.
=264  \1$aGaithersburg, MD :$bU.S. Dept. of Commerce, National Institute of Standards and Technology,$c1952.
=300  \\$a1 online resource.
=336  \\$atext$btxt$2rdacontent
=337  \\$acomputer$bc$2rdamedia
=338  \\$aonline resource$bcr$2rdacarrier
=490  1\$aNBS report ;$v2134
=500  \\$a1952.
=500  \\$aContributed record: Metadata reviewed, not verified. Some fields updated by batch processes.
=500  \\$aTitle from PDF title page.
=504  \\$aIncludes bibliographical references.
=650  \0$aCoatings.
=650  \0$aWeathering.
=650  \7$aCoatings.$2fast$0(OCoLC)fst00865859
=650  \7$aWeathering.$2fast$0(OCoLC)fst01173186
=700  1\$aAchenbach, P. R.
=700  1\$aKarger, Henry.
=700  1\$aPhillips, C. W.$q(Clinton Woodward),$d1919-
=710  1\$aUnited States.$bNational Bureau of Standards.
=830  \0$aNBS report ;$v2134.
=856  4\$uhttps://dx.doi.org/10.6028/NBS.RPT.2134
=856  4\$zAddress at time of PURL creation$uhttps://www.govinfo.gov/content/pkg/GOVPUB-C13-608310a2add9ebcdee6486e1fd1743a1/pdf/GOVPUB-C13-608310a2add9ebcdee6486e1fd1743a1.pdf
=856  40$uhttps://purl.fdlp.gov/GPO/gpo98590
=049  \\$aGPOO
=922  \\$aBatch-processed
=922  \\$aNIST-1$b20180815

