=LDR  01533nam  2200397Ia 45e0
=001  001077107
=003  OCoLC
=005  20180711120959.0
=008  161006s1952\\\\mdu\\\\\ob\\\f000\0\eng\d
=024  8\$aGOVPUB-C13-cb612032105f774853c245e6a1ff42cf
=035  \\$a(OCoLC)959982737
=040  \\$aNBS$beng$erda$cNBS$dOCLCO$dOCLCF$dOCLCQ
=086  0\$aC 13.38:1834
=100  1\$aKnight, W. R.
=245  10$aHow many guards? /$cW.R. Knight.
=264  \1$aGaithersburg, MD :$bU.S. Dept. of Commerce, National Institute of Standards and Technology,$c1952.
=300  \\$a1 online resource.
=336  \\$atext$btxt$2rdacontent
=337  \\$acomputer$bc$2rdamedia
=338  \\$aonline resource$bcr$2rdacarrier
=490  1\$aNBS report ;$v1834
=500  \\$a1952.
=500  \\$aContributed record: Metadata reviewed, not verified. Some fields updated by batch processes.
=500  \\$aTitle from PDF title page.
=504  \\$aIncludes bibliographical references.
=650  \0$aProbabilities.
=650  \7$aProbabilities.$2fast$0(OCoLC)fst01077737
=700  1\$aKnight, W. R.
=710  1\$aUnited States.$bNational Bureau of Standards.
=830  \0$aNBS report ;$v1834.
=856  4\$uhttps://dx.doi.org/10.6028/NBS.RPT.1834
=856  4\$zAddress at time of PURL creation$uhttps://www.govinfo.gov/content/pkg/GOVPUB-C13-cb612032105f774853c245e6a1ff42cf/pdf/GOVPUB-C13-cb612032105f774853c245e6a1ff42cf.pdf
=856  40$uhttps://purl.fdlp.gov/GPO/gpo103029
=049  \\$aGPOO
=922  \\$aBatch-processed
=922  \\$aNIST-1$b20180815

