=LDR  01581nam  2200397Ia 45e0
=001  001077208
=003  OCoLC
=005  20180711120935.0
=008  161006s1952\\\\mdu\\\\\ob\\\f000\0\eng\d
=024  8\$aGOVPUB-C13-e0d64f1ac726599393394966eff8d3af
=035  \\$a(OCoLC)959982832
=040  \\$aNBS$beng$erda$cNBS$dOCLCO$dOCLCF$dOCLCQ
=086  0\$aC 13.38:2008
=100  1\$aKupradze, V. D.
=245  10$aFundamental problems in the mathematical theory of diffraction /$cV.D. Kupradze.
=264  \1$aGaithersburg, MD :$bU.S. Dept. of Commerce, National Institute of Standards and Technology,$c1952.
=300  \\$a1 online resource.
=336  \\$atext$btxt$2rdacontent
=337  \\$acomputer$bc$2rdamedia
=338  \\$aonline resource$bcr$2rdacarrier
=490  1\$aNBS report ;$v2008
=500  \\$a1952.
=500  \\$aContributed record: Metadata reviewed, not verified. Some fields updated by batch processes.
=500  \\$aTitle from PDF title page.
=504  \\$aIncludes bibliographical references.
=650  \0$aMathematics.
=650  \7$aMathematics.$2fast$0(OCoLC)fst01012163
=700  1\$aKupradze, V. D.
=710  1\$aUnited States.$bNational Bureau of Standards.
=830  \0$aNBS report ;$v2008.
=856  4\$uhttps://dx.doi.org/10.6028/NBS.RPT.2008
=856  4\$zAddress at time of PURL creation$uhttps://www.govinfo.gov/content/pkg/GOVPUB-C13-e0d64f1ac726599393394966eff8d3af/pdf/GOVPUB-C13-e0d64f1ac726599393394966eff8d3af.pdf
=856  40$uhttps://purl.fdlp.gov/GPO/gpo104152
=049  \\$aGPOO
=922  \\$aBatch-processed
=922  \\$aNIST-1$b20180815

