=LDR  01669nam  2200421Ia 45e0
=001  001077138
=003  OCoLC
=005  20180711120935.0
=008  161006s1952\\\\mdu\\\\\ob\\\f000\0\eng\d
=024  8\$aGOVPUB-C13-d2d93dbe4fb395619517d3bf47461cba
=035  \\$a(OCoLC)959982815
=040  \\$aNBS$beng$erda$cNBS$dOCLCO$dOCLCF$dOCLCQ
=086  0\$aC 13.38:1984
=100  1\$aLevin, Joseph H.
=245  10$aProgramming and coding handbook for SEAC /$cJoseph H. Levin.
=264  \1$aGaithersburg, MD :$bU.S. Dept. of Commerce, National Institute of Standards and Technology,$c1952.
=300  \\$a1 online resource.
=336  \\$atext$btxt$2rdacontent
=337  \\$acomputer$bc$2rdamedia
=338  \\$aonline resource$bcr$2rdacarrier
=490  1\$aNBS report ;$v1984
=500  \\$a1952.
=500  \\$aContributed record: Metadata reviewed, not verified. Some fields updated by batch processes.
=500  \\$aTitle from PDF title page.
=504  \\$aIncludes bibliographical references.
=650  \0$aComputer programming.
=650  \0$aSeac computer.
=650  \7$aComputer programming.$2fast$0(OCoLC)fst00872390
=650  \7$aSeac computer.$2fast$0(OCoLC)fst01110213
=700  1\$aLevin, Joseph H.
=710  1\$aUnited States.$bNational Bureau of Standards.
=830  \0$aNBS report ;$v1984.
=856  4\$uhttps://dx.doi.org/10.6028/NBS.RPT.1984
=856  4\$zAddress at time of PURL creation$uhttps://www.govinfo.gov/content/pkg/GOVPUB-C13-d2d93dbe4fb395619517d3bf47461cba/pdf/GOVPUB-C13-d2d93dbe4fb395619517d3bf47461cba.pdf
=856  40$uhttps://purl.fdlp.gov/GPO/gpo103317
=049  \\$aGPOO
=922  \\$aBatch-processed
=922  \\$aNIST-1$b20180815

