=LDR  01586nam  2200397Ia 45e0
=001  001076815
=003  OCoLC
=005  20180711121001.0
=008  161006s1952\\\\mdu\\\\\ob\\\f000\0\eng\d
=024  8\$aGOVPUB-C13-7c5f8c13498f950545e1af775c29fbbc
=035  \\$a(OCoLC)959982843
=040  \\$aNBS$beng$erda$cNBS$dOCLCO$dOCLCF$dOCLCQ
=086  0\$aC 13.38:2190
=100  1\$aLieblein, Julius.
=245  12$aA new method of analyzing extreme-value data /$cJulius Lieblein.
=264  \1$aGaithersburg, MD :$bU.S. Dept. of Commerce, National Institute of Standards and Technology,$c1952.
=300  \\$a1 online resource.
=336  \\$atext$btxt$2rdacontent
=337  \\$acomputer$bc$2rdamedia
=338  \\$aonline resource$bcr$2rdacarrier
=490  1\$aNBS report ;$v2190
=500  \\$a1952.
=500  \\$aContributed record: Metadata reviewed, not verified. Some fields updated by batch processes.
=500  \\$aTitle from PDF title page.
=504  \\$aIncludes bibliographical references.
=650  \0$aExtreme value theory.
=650  \7$aExtreme value theory.$2fast$0(OCoLC)fst00919070
=700  1\$aLieblein, Julius.
=710  1\$aUnited States.$bNational Bureau of Standards.
=830  \0$aNBS report ;$v2190.
=856  4\$uhttps://dx.doi.org/10.6028/NBS.RPT.2190
=856  4\$zAddress at time of PURL creation$uhttps://www.govinfo.gov/content/pkg/GOVPUB-C13-7c5f8c13498f950545e1af775c29fbbc/pdf/GOVPUB-C13-7c5f8c13498f950545e1af775c29fbbc.pdf
=856  40$uhttps://purl.fdlp.gov/GPO/gpo99686
=049  \\$aGPOO
=922  \\$aBatch-processed
=922  \\$aNIST-1$b20180815

