=LDR  01711nam  2200433Ia 45e0
=001  001077017
=003  OCoLC
=005  20180711120940.0
=008  160829s1952\\\\mdu\\\\\ob\\\f000\0\eng\d
=024  8\$aGOVPUB-C13-b7359d421485bfe3502df6e930ab82a8
=035  \\$a(OCoLC)957470119
=040  \\$aNBS$beng$erda$cNBS$dOCLCO$dOCLCF$dOCLCQ
=086  0\$aC 13.38:2045
=100  1\$aMcDorman, O. N.
=245  10$aTests of the ventilating system for the Univac /$cO.N. McDorman, Paul R. Achenbach.
=264  \1$aGaithersburg, MD :$bU.S. Dept. of Commerce, National Institute of Standards and Technology,$c1952.
=300  \\$a1 online resource.
=336  \\$atext$btxt$2rdacontent
=337  \\$acomputer$bc$2rdamedia
=338  \\$aonline resource$bcr$2rdacarrier
=490  1\$aNBS report ;$v2045
=500  \\$a1952.
=500  \\$aContributed record: Metadata reviewed, not verified. Some fields updated by batch processes.
=500  \\$aTitle from PDF title page.
=504  \\$aIncludes bibliographical references.
=650  \0$aUnivac computer.
=650  \0$aVentilation.
=650  \7$aUnivac computer.$2fast$0(OCoLC)fst01161545
=650  \7$aVentilation.$2fast$0(OCoLC)fst01165252
=700  1\$aAchenbach, Paul R.
=700  1\$aMcDorman, O. N.
=710  1\$aUnited States.$bNational Bureau of Standards.
=830  \0$aNBS report ;$v2045.
=856  4\$uhttps://dx.doi.org/10.6028/NBS.RPT.2045
=856  4\$zAddress at time of PURL creation$uhttps://www.govinfo.gov/content/pkg/GOVPUB-C13-b7359d421485bfe3502df6e930ab82a8/pdf/GOVPUB-C13-b7359d421485bfe3502df6e930ab82a8.pdf
=856  40$uhttps://purl.fdlp.gov/GPO/gpo102178
=049  \\$aGPOO
=922  \\$aBatch-processed
=922  \\$aNIST-1$b20180815

