=LDR  01696nam  2200421Ia 45e0
=001  001076570
=003  OCoLC
=005  20180711120940.0
=008  160829s1952\\\\mdu\\\\\ob\\\f000\0\eng\d
=024  8\$aGOVPUB-C13-3d900efdcc688c12ff5a342ba910080d
=035  \\$a(OCoLC)957470115
=040  \\$aNBS$beng$erda$cNBS$dOCLCO$dOCLCQ$dOCLCF
=086  0\$aC 13.38:1926
=100  1\$aMitchell, N. D.
=245  10$aFire tests of columns encased in pumice-aggregate concrete /$cN.D. Mitchell, A.F. Robertson.
=264  \1$aGaithersburg, MD :$bU.S. Dept. of Commerce, National Institute of Standards and Technology,$c1952.
=300  \\$a1 online resource.
=336  \\$atext$btxt$2rdacontent
=337  \\$acomputer$bc$2rdamedia
=338  \\$aonline resource$bcr$2rdacarrier
=490  1\$aNBS report ;$v1926
=500  \\$a1952.
=500  \\$aContributed record: Metadata reviewed, not verified. Some fields updated by batch processes.
=500  \\$aTitle from PDF title page.
=504  \\$aIncludes bibliographical references.
=650  \0$aColumns, Concrete$xFire testing.
=650  \0$aConcrete$xFire testing.
=650  \7$aConcrete$xFire testing.$2fast$0(OCoLC)fst00874182
=700  1\$aMitchell, N. D.
=700  1\$aRobertson, A. F.
=710  1\$aUnited States.$bNational Bureau of Standards.
=830  \0$aNBS report ;$v1926.
=856  4\$uhttps://dx.doi.org/10.6028/NBS.RPT.1926
=856  4\$zAddress at time of PURL creation$uhttps://www.govinfo.gov/content/pkg/GOVPUB-C13-3d900efdcc688c12ff5a342ba910080d/pdf/GOVPUB-C13-3d900efdcc688c12ff5a342ba910080d.pdf
=856  40$uhttps://purl.fdlp.gov/GPO/gpo97004
=049  \\$aGPOO
=922  \\$aBatch-processed
=922  \\$aNIST-1$b20180815

