=LDR  01615nam  2200409Ia 45e0
=001  001077018
=003  OCoLC
=005  20180711120957.0
=008  161006s1952\\\\mdu\\\\\ob\\\f000\0\eng\d
=024  8\$aGOVPUB-C13-b785d3b3809286af66798b7b2e551eca
=035  \\$a(OCoLC)959982557
=040  \\$aNBS$beng$erda$cNBS$dOCLCO$dOCLCF$dOCLCQ
=086  0\$aC 13.38:1902
=100  1\$aMotzkin, T. S.
=245  10$aOn Fejer sets in linear and spherical spaces /$cT.S. Motzkin, I.J. Schoenberg.
=264  \1$aGaithersburg, MD :$bU.S. Dept. of Commerce, National Institute of Standards and Technology,$c1952.
=300  \\$a1 online resource.
=336  \\$atext$btxt$2rdacontent
=337  \\$acomputer$bc$2rdamedia
=338  \\$aonline resource$bcr$2rdacarrier
=490  1\$aNBS report ;$v1902
=500  \\$a1952.
=500  \\$aContributed record: Metadata reviewed, not verified. Some fields updated by batch processes.
=500  \\$aTitle from PDF title page.
=504  \\$aIncludes bibliographical references.
=650  \0$aMetric spaces.
=650  \7$aMetric spaces.$2fast$0(OCoLC)fst01018813
=700  1\$aMotzkin, T. S.
=700  1\$aSchoenberg, I. J.
=710  1\$aUnited States.$bNational Bureau of Standards.
=830  \0$aNBS report ;$v1902.
=856  4\$uhttps://dx.doi.org/10.6028/NBS.RPT.1902
=856  4\$zAddress at time of PURL creation$uhttps://www.govinfo.gov/content/pkg/GOVPUB-C13-b785d3b3809286af66798b7b2e551eca/pdf/GOVPUB-C13-b785d3b3809286af66798b7b2e551eca.pdf
=856  40$uhttps://purl.fdlp.gov/GPO/gpo102189
=049  \\$aGPOO
=922  \\$aBatch-processed
=922  \\$aNIST-1$b20180815

