=LDR  01557nam  2200397Ia 45e0
=001  001076782
=003  OCoLC
=005  20180711120954.0
=008  161006s1952\\\\mdu\\\\\ob\\\f000\0\eng\d
=024  8\$aGOVPUB-C13-74141c75df68cfd4c17881776e0be438
=035  \\$a(OCoLC)959982417
=040  \\$aNBS$beng$erda$cNBS$dOCLCO$dOCLCF$dOCLCQ
=086  0\$aC 13.38:1996
=100  1\$aNoiman, M.
=245  10$aChanges of sign of sums of random variables /$cM. Newman.
=264  \1$aGaithersburg, MD :$bU.S. Dept. of Commerce, National Institute of Standards and Technology,$c1952.
=300  \\$a1 online resource.
=336  \\$atext$btxt$2rdacontent
=337  \\$acomputer$bc$2rdamedia
=338  \\$aonline resource$bcr$2rdacarrier
=490  1\$aNBS report ;$v1996
=500  \\$a1952.
=500  \\$aContributed record: Metadata reviewed, not verified. Some fields updated by batch processes.
=500  \\$aTitle from PDF title page.
=504  \\$aIncludes bibliographical references.
=650  \0$aRandom variables.
=650  \7$aRandom variables.$2fast$0(OCoLC)fst01089812
=700  1\$aNoiman, M.
=710  1\$aUnited States.$bNational Bureau of Standards.
=830  \0$aNBS report ;$v1996.
=856  4\$uhttps://dx.doi.org/10.6028/NBS.RPT.1996
=856  4\$zAddress at time of PURL creation$uhttps://www.govinfo.gov/content/pkg/GOVPUB-C13-74141c75df68cfd4c17881776e0be438/pdf/GOVPUB-C13-74141c75df68cfd4c17881776e0be438.pdf
=856  40$uhttps://purl.fdlp.gov/GPO/gpo99340
=049  \\$aGPOO
=922  \\$aBatch-processed
=922  \\$aNIST-1$b20180815

