=LDR  01666nam  2200421Ia 45e0
=001  001076427
=003  OCoLC
=005  20180711120935.0
=008  161006s1952\\\\mdu\\\\\ob\\\f000\0\eng\d
=024  8\$aGOVPUB-C13-1c08306e3658a552ca3c31286d705c94
=035  \\$a(OCoLC)959982813
=040  \\$aNBS$beng$erda$cNBS$dOCLCO$dOCLCF$dOCLCQ
=086  0\$aC 13.38:1964
=100  1\$aOstrowski, A. M.
=245  10$aOn nearly triangular matrices /$cA.M. Ostrowski.
=264  \1$aGaithersburg, MD :$bU.S. Dept. of Commerce, National Institute of Standards and Technology,$c1952.
=300  \\$a1 online resource.
=336  \\$atext$btxt$2rdacontent
=337  \\$acomputer$bc$2rdamedia
=338  \\$aonline resource$bcr$2rdacarrier
=490  1\$aNBS report ;$v1964
=500  \\$a1952.
=500  \\$aContributed record: Metadata reviewed, not verified. Some fields updated by batch processes.
=500  \\$aTitle from PDF title page.
=504  \\$aIncludes bibliographical references.
=650  \0$aMatrices.
=650  \0$aTriangularization (Mathematics)
=650  \7$aMatrices.$2fast$0(OCoLC)fst01012399
=650  \7$aTriangularization (Mathematics)$2fast$0(OCoLC)fst01156444
=700  1\$aOstrowski, A. M.
=710  1\$aUnited States.$bNational Bureau of Standards.
=830  \0$aNBS report ;$v1964.
=856  4\$uhttps://dx.doi.org/10.6028/NBS.RPT.1964
=856  4\$zAddress at time of PURL creation$uhttps://www.govinfo.gov/content/pkg/GOVPUB-C13-1c08306e3658a552ca3c31286d705c94/pdf/GOVPUB-C13-1c08306e3658a552ca3c31286d705c94.pdf
=856  40$uhttps://purl.fdlp.gov/GPO/gpo95530
=049  \\$aGPOO
=922  \\$aBatch-processed
=922  \\$aNIST-1$b20180815

