=LDR  01644nam  2200409Ia 45e0
=001  001076809
=003  OCoLC
=005  20180711121000.0
=008  161006s1952\\\\mdu\\\\\ob\\\f000\0\eng\d
=024  8\$aGOVPUB-C13-79e1162011c3363a3c28341548d4932c
=035  \\$a(OCoLC)959982785
=040  \\$aNBS$beng$erda$cNBS$dOCLCO$dOCLCQ$dOCLCF
=086  0\$aC 13.38:1601
=100  1\$aOstrowski, A. M.
=245  10$aExplicit formulae for the distribution function of the sums of n uniformly distributed variables /$cA.M. Ostrowski.
=264  \1$aGaithersburg, MD :$bU.S. Dept. of Commerce, National Institute of Standards and Technology,$c1952.
=300  \\$a1 online resource.
=336  \\$atext$btxt$2rdacontent
=337  \\$acomputer$bc$2rdamedia
=338  \\$aonline resource$bcr$2rdacarrier
=490  1\$aNBS report ;$v1601
=500  \\$a1952.
=500  \\$aContributed record: Metadata reviewed, not verified. Some fields updated by batch processes.
=500  \\$aTitle from PDF title page.
=504  \\$aIncludes bibliographical references.
=650  \0$aMathematics.
=650  \0$aVariables.
=650  \7$aMathematics.$2fast$0(OCoLC)fst01012163
=700  1\$aOstrowski, A. M.
=710  1\$aUnited States.$bNational Bureau of Standards.
=830  \0$aNBS report ;$v1601.
=856  4\$uhttps://dx.doi.org/10.6028/NBS.RPT.1601
=856  4\$zAddress at time of PURL creation$uhttps://www.govinfo.gov/content/pkg/GOVPUB-C13-79e1162011c3363a3c28341548d4932c/pdf/GOVPUB-C13-79e1162011c3363a3c28341548d4932c.pdf
=856  40$uhttps://purl.fdlp.gov/GPO/gpo99589
=049  \\$aGPOO
=922  \\$aBatch-processed
=922  \\$aNIST-1$b20180815

