=LDR  01613nam  2200397Ia 45e0
=001  001077313
=003  OCoLC
=005  20180711121000.0
=008  161006s1952\\\\mdu\\\\\ob\\\f000\0\eng\d
=024  8\$aGOVPUB-C13-fff5ea806cb9ebc7e88949756b68ad56
=035  \\$a(OCoLC)959982790
=040  \\$aNBS$beng$erda$cNBS$dOCLCO$dOCLCF$dOCLCQ
=086  0\$aC 13.38:1728
=100  1\$aOstrowski, A. M.
=245  10$aOn absolute convergence of linear iteration processes /$cA.M. Ostrowski.
=264  \1$aGaithersburg, MD :$bU.S. Dept. of Commerce, National Institute of Standards and Technology,$c1952.
=300  \\$a1 online resource.
=336  \\$atext$btxt$2rdacontent
=337  \\$acomputer$bc$2rdamedia
=338  \\$aonline resource$bcr$2rdacarrier
=490  1\$aNBS report ;$v1728
=500  \\$a1952.
=500  \\$aContributed record: Metadata reviewed, not verified. Some fields updated by batch processes.
=500  \\$aTitle from PDF title page.
=504  \\$aIncludes bibliographical references.
=650  \0$aIterative methods (Mathematics)
=650  \7$aIterative methods (Mathematics)$2fast$0(OCoLC)fst00980827
=700  1\$aOstrowski, A. M.
=710  1\$aUnited States.$bNational Bureau of Standards.
=830  \0$aNBS report ;$v1728.
=856  4\$uhttps://dx.doi.org/10.6028/NBS.RPT.1728
=856  4\$zAddress at time of PURL creation$uhttps://www.govinfo.gov/content/pkg/GOVPUB-C13-fff5ea806cb9ebc7e88949756b68ad56/pdf/GOVPUB-C13-fff5ea806cb9ebc7e88949756b68ad56.pdf
=856  40$uhttps://purl.fdlp.gov/GPO/gpo105432
=049  \\$aGPOO
=922  \\$aBatch-processed
=922  \\$aNIST-1$b20180815

