=LDR  01562nam  2200397Ia 45e0
=001  001076635
=003  OCoLC
=005  20180711120940.0
=008  160829s1952\\\\mdu\\\\\ob\\\f000\0\eng\d
=024  8\$aGOVPUB-C13-4ccec0e1a26bf67c6663a72aad80e88c
=035  \\$a(OCoLC)957470113
=040  \\$aNBS$beng$erda$cNBS$dOCLCO$dOCLCF$dOCLCQ
=086  0\$aC 13.38:1673
=100  1\$aPage, C. H.
=245  14$aThe scattering of light by a conical surface /$cC.H. Page.
=264  \1$aGaithersburg, MD :$bU.S. Dept. of Commerce, National Institute of Standards and Technology,$c1952.
=300  \\$a1 online resource.
=336  \\$atext$btxt$2rdacontent
=337  \\$acomputer$bc$2rdamedia
=338  \\$aonline resource$bcr$2rdacarrier
=490  1\$aNBS report ;$v1673
=500  \\$a1952.
=500  \\$aContributed record: Metadata reviewed, not verified. Some fields updated by batch processes.
=500  \\$aTitle from PDF title page.
=504  \\$aIncludes bibliographical references.
=650  \0$aLight$xScattering.
=650  \7$aLight$xScattering.$2fast$0(OCoLC)fst00998499
=700  1\$aPage, C. H.
=710  1\$aUnited States.$bNational Bureau of Standards.
=830  \0$aNBS report ;$v1673.
=856  4\$uhttps://dx.doi.org/10.6028/NBS.RPT.1673
=856  4\$zAddress at time of PURL creation$uhttps://www.govinfo.gov/content/pkg/GOVPUB-C13-4ccec0e1a26bf67c6663a72aad80e88c/pdf/GOVPUB-C13-4ccec0e1a26bf67c6663a72aad80e88c.pdf
=856  40$uhttps://purl.fdlp.gov/GPO/gpo97692
=049  \\$aGPOO
=922  \\$aBatch-processed
=922  \\$aNIST-1$b20180815

