=LDR  01724nam  2200421Ia 45e0
=001  001077110
=003  OCoLC
=005  20180711120940.0
=008  160829s1952\\\\mdu\\\\\ob\\\f000\0\eng\d
=024  8\$aGOVPUB-C13-cc9a5686049ab5427a041e15460a9f97
=035  \\$a(OCoLC)957470120
=040  \\$aNBS$beng$erda$cNBS$dOCLCO$dOCLCF$dOCLCQ
=086  0\$aC 13.38:2062
=100  1\$aPeavy, B. A.
=245  10$aAir conditioning in underground structures :$btests conducted up to October 31, 1952, Progress /$cB.A. Peavy.
=264  \1$aGaithersburg, MD :$bU.S. Dept. of Commerce, National Institute of Standards and Technology,$c1952.
=300  \\$a1 online resource.
=336  \\$atext$btxt$2rdacontent
=337  \\$acomputer$bc$2rdamedia
=338  \\$aonline resource$bcr$2rdacarrier
=490  1\$aNBS report ;$v2062
=500  \\$a1952.
=500  \\$aContributed record: Metadata reviewed, not verified. Some fields updated by batch processes.
=500  \\$aTitle from PDF title page.
=504  \\$aIncludes bibliographical references.
=650  \0$aAir conditioning.
=650  \0$aUnderground construction.
=650  \7$aAir conditioning.$2fast$0(OCoLC)fst00802264
=650  \7$aUnderground construction.$2fast$0(OCoLC)fst01160913
=700  1\$aPeavy, B. A.
=710  1\$aUnited States.$bNational Bureau of Standards.
=830  \0$aNBS report ;$v2062.
=856  4\$uhttps://dx.doi.org/10.6028/NBS.RPT.2062
=856  4\$zAddress at time of PURL creation$uhttps://www.govinfo.gov/content/pkg/GOVPUB-C13-cc9a5686049ab5427a041e15460a9f97/pdf/GOVPUB-C13-cc9a5686049ab5427a041e15460a9f97.pdf
=856  40$uhttps://purl.fdlp.gov/GPO/gpo103074
=049  \\$aGPOO
=922  \\$aBatch-processed
=922  \\$aNIST-1$b20180815

