=LDR  01628nam  2200409Ia 45e0
=001  001076651
=003  OCoLC
=005  20180711120958.0
=008  161006s1952\\\\mdu\\\\\ob\\\f000\0\eng\d
=024  8\$aGOVPUB-C13-50b4975273a49a44fe5b4e8643b6b8a3
=035  \\$a(OCoLC)959982609
=040  \\$aNBS$beng$erda$cNBS$dOCLCO$dOCLCQ
=086  0\$aC 13.38:1565
=100  1\$aPendergast, W. L.
=245  10$aConfidence and tolerance intervals for the normal distribution /$cW.L. Pendergast, R.A. Heindl, C.R. Enoch, R.A. Clevenger.
=264  \1$aGaithersburg, MD :$bU.S. Dept. of Commerce, National Institute of Standards and Technology,$c1952.
=300  \\$a1 online resource.
=336  \\$atext$btxt$2rdacontent
=337  \\$acomputer$bc$2rdamedia
=338  \\$aonline resource$bcr$2rdacarrier
=490  1\$aNBS report ;$v1565
=500  \\$a1952.
=500  \\$aContributed record: Metadata reviewed, not verified. Some fields updated by batch processes.
=500  \\$aTitle from PDF title page.
=504  \\$aIncludes bibliographical references.
=700  1\$aClevenger, R. A.
=700  1\$aEnoch, C. R.
=700  1\$aHeindl, R. A.
=700  1\$aPendergast, W. L.
=710  1\$aUnited States.$bNational Bureau of Standards.
=830  \0$aNBS report ;$v1565.
=856  4\$uhttps://dx.doi.org/10.6028/NBS.RPT.1565
=856  4\$zAddress at time of PURL creation$uhttps://www.govinfo.gov/content/pkg/GOVPUB-C13-50b4975273a49a44fe5b4e8643b6b8a3/pdf/GOVPUB-C13-50b4975273a49a44fe5b4e8643b6b8a3.pdf
=856  40$uhttps://purl.fdlp.gov/GPO/gpo97840
=049  \\$aGPOO
=922  \\$aBatch-processed
=922  \\$aNIST-1$b20180815

