=LDR  01696nam  2200409Ia 45e0
=001  001076685
=003  OCoLC
=005  20180711120940.0
=008  160829s1952\\\\mdu\\\\\ob\\\f000\0\eng\d
=024  8\$aGOVPUB-C13-58b48d9507a11014ad279ce40869dbe4
=035  \\$a(OCoLC)957470118
=040  \\$aNBS$beng$erda$cNBS$dOCLCO$dOCLCQ
=086  0\$aC 13.38:2003
=100  1\$aPendergast, W. L.
=245  10$aEvaluation of refractory qualities of concretes for jet aircraft warm up, power check, and maintenance aprons, quarterly report on /$cW.L. Pendergast, R.A. Heindl, C.R. Enoch, R.A. Clevenger.
=264  \1$aGaithersburg, MD :$bU.S. Dept. of Commerce, National Institute of Standards and Technology,$c1952.
=300  \\$a1 online resource.
=336  \\$atext$btxt$2rdacontent
=337  \\$acomputer$bc$2rdamedia
=338  \\$aonline resource$bcr$2rdacarrier
=490  1\$aNBS report ;$v2003
=500  \\$a1952.
=500  \\$aContributed record: Metadata reviewed, not verified. Some fields updated by batch processes.
=500  \\$aTitle from PDF title page.
=504  \\$aIncludes bibliographical references.
=700  1\$aClevenger, R. A.
=700  1\$aEnoch, C. R.
=700  1\$aHeindl, R. A.
=700  1\$aPendergast, W. L.
=710  1\$aUnited States.$bNational Bureau of Standards.
=830  \0$aNBS report ;$v2003.
=856  4\$uhttps://dx.doi.org/10.6028/NBS.RPT.2003
=856  4\$zAddress at time of PURL creation$uhttps://www.govinfo.gov/content/pkg/GOVPUB-C13-58b48d9507a11014ad279ce40869dbe4/pdf/GOVPUB-C13-58b48d9507a11014ad279ce40869dbe4.pdf
=856  40$uhttps://purl.fdlp.gov/GPO/gpo98131
=049  \\$aGPOO
=922  \\$aBatch-processed
=922  \\$aNIST-1$b20180815

