=LDR  01691nam  2200421Ia 45e0
=001  001077181
=003  OCoLC
=005  20180711121001.0
=008  161006s1952\\\\mdu\\\\\ob\\\f000\0\eng\d
=024  8\$aGOVPUB-C13-dc9a43c90b39bba337f0d0edd4961d64
=035  \\$a(OCoLC)959982840
=040  \\$aNBS$beng$erda$cNBS$dOCLCO$dOCLCF$dOCLCQ
=086  0\$aC 13.38:2116
=100  1\$aPetrov, A. A.
=245  14$aThe verification of an hypothesis concerning the normality of distributions by small samples /$cA.A. Petrov.
=264  \1$aGaithersburg, MD :$bU.S. Dept. of Commerce, National Institute of Standards and Technology,$c1952.
=300  \\$a1 online resource.
=336  \\$atext$btxt$2rdacontent
=337  \\$acomputer$bc$2rdamedia
=338  \\$aonline resource$bcr$2rdacarrier
=490  1\$aNBS report ;$v2116
=500  \\$a1952.
=500  \\$aContributed record: Metadata reviewed, not verified. Some fields updated by batch processes.
=500  \\$aTitle from PDF title page.
=504  \\$aIncludes bibliographical references.
=650  \0$aProbabilities.
=650  \0$aStatistics.
=650  \7$aProbabilities.$2fast$0(OCoLC)fst01077737
=650  \7$aStatistics.$2fast$0(OCoLC)fst01132103
=700  1\$aPetrov, A. A.
=710  1\$aUnited States.$bNational Bureau of Standards.
=830  \0$aNBS report ;$v2116.
=856  4\$uhttps://dx.doi.org/10.6028/NBS.RPT.2116
=856  4\$zAddress at time of PURL creation$uhttps://www.govinfo.gov/content/pkg/GOVPUB-C13-dc9a43c90b39bba337f0d0edd4961d64/pdf/GOVPUB-C13-dc9a43c90b39bba337f0d0edd4961d64.pdf
=856  40$uhttps://purl.fdlp.gov/GPO/gpo103967
=049  \\$aGPOO
=922  \\$aBatch-processed
=922  \\$aNIST-1$b20180815

