=LDR  01684nam  2200409Ia 45e0
=001  001076812
=003  OCoLC
=005  20180711120959.0
=008  161006s1952\\\\mdu\\\\\ob\\\f000\0\eng\d
=024  8\$aGOVPUB-C13-7b53bf87ff41d5965aa130e9d86c72e4
=035  \\$a(OCoLC)959982738
=040  \\$aNBS$beng$erda$cNBS$dOCLCO$dOCLCF$dOCLCQ
=086  0\$aC 13.38:1843
=100  1\$aProschan, Frank.
=245  10$aEffect of total sample size on level of significance at the start of a control chart /$cFrank Proschan, I.R. Savage.
=264  \1$aGaithersburg, MD :$bU.S. Dept. of Commerce, National Institute of Standards and Technology,$c1952.
=300  \\$a1 online resource.
=336  \\$atext$btxt$2rdacontent
=337  \\$acomputer$bc$2rdamedia
=338  \\$aonline resource$bcr$2rdacarrier
=490  1\$aNBS report ;$v1843
=500  \\$a1952.
=500  \\$aContributed record: Metadata reviewed, not verified. Some fields updated by batch processes.
=500  \\$aTitle from PDF title page.
=504  \\$aIncludes bibliographical references.
=650  \0$aPopulation viability analysis.
=650  \7$aPopulation viability analysis.$2fast$0(OCoLC)fst01071657
=700  1\$aProschan, Frank.
=700  1\$aSavage, I. R.
=710  1\$aUnited States.$bNational Bureau of Standards.
=830  \0$aNBS report ;$v1843.
=856  4\$uhttps://dx.doi.org/10.6028/NBS.RPT.1843
=856  4\$zAddress at time of PURL creation$uhttps://www.govinfo.gov/content/pkg/GOVPUB-C13-7b53bf87ff41d5965aa130e9d86c72e4/pdf/GOVPUB-C13-7b53bf87ff41d5965aa130e9d86c72e4.pdf
=856  40$uhttps://purl.fdlp.gov/GPO/gpo99646
=049  \\$aGPOO
=922  \\$aBatch-processed
=922  \\$aNIST-1$b20180815

