=LDR  01752nam  2200421Ia 45e0
=001  001077195
=003  OCoLC
=005  20180711120957.0
=008  161006s1952\\\\mdu\\\\\ob\\\f000\0\eng\d
=024  8\$aGOVPUB-C13-deaf8fe810c453428ff6734923401e1f
=035  \\$a(OCoLC)959982556
=040  \\$aNBS$beng$erda$cNBS$dOCLCO$dOCLCF$dOCLCQ
=086  0\$aC 13.38:1896
=100  1\$aRupp, Melicent K.
=245  14$aThe complete solutions of the balanced incomplete block designs with ten or fewer replications /$cMelicent K. Rupp.
=264  \1$aGaithersburg, MD :$bU.S. Dept. of Commerce, National Institute of Standards and Technology,$c1952.
=300  \\$a1 online resource.
=336  \\$atext$btxt$2rdacontent
=337  \\$acomputer$bc$2rdamedia
=338  \\$aonline resource$bcr$2rdacarrier
=490  1\$aNBS report ;$v1896
=500  \\$a1952.
=500  \\$aContributed record: Metadata reviewed, not verified. Some fields updated by batch processes.
=500  \\$aTitle from PDF title page.
=504  \\$aIncludes bibliographical references.
=650  \0$aCombinatorial analysis.
=650  \0$aIncomplete block designs.
=650  \7$aCombinatorial analysis.$2fast$0(OCoLC)fst00868961
=650  \7$aIncomplete block designs.$2fast$0(OCoLC)fst00968809
=700  1\$aRupp, Melicent K.
=710  1\$aUnited States.$bNational Bureau of Standards.
=830  \0$aNBS report ;$v1896.
=856  4\$uhttps://dx.doi.org/10.6028/NBS.RPT.1896
=856  4\$zAddress at time of PURL creation$uhttps://www.govinfo.gov/content/pkg/GOVPUB-C13-deaf8fe810c453428ff6734923401e1f/pdf/GOVPUB-C13-deaf8fe810c453428ff6734923401e1f.pdf
=856  40$uhttps://purl.fdlp.gov/GPO/gpo104059
=049  \\$aGPOO
=922  \\$aBatch-processed
=922  \\$aNIST-1$b20180815

