=LDR  01599nam  2200397Ia 45e0
=001  001076858
=003  OCoLC
=005  20180711120940.0
=008  160829s1952\\\\mdu\\\\\ob\\\f000\0\eng\d
=024  8\$aGOVPUB-C13-89838380ebbdb037993c57b41d275983
=035  \\$a(OCoLC)957470111
=040  \\$aNBS$beng$erda$cNBS$dOCLCO$dOCLCQ
=086  0\$aC 13.38:1555
=100  1\$aSandholzer, Marjorie W.
=245  10$aEvaluation of four test methods for fire retardant /$cMarjorie W. Sandholzer, E.W. Bender, Catherine Rhodes.
=264  \1$aGaithersburg, MD :$bU.S. Dept. of Commerce, National Institute of Standards and Technology,$c1952.
=300  \\$a1 online resource.
=336  \\$atext$btxt$2rdacontent
=337  \\$acomputer$bc$2rdamedia
=338  \\$aonline resource$bcr$2rdacarrier
=490  1\$aNBS report ;$v1555
=500  \\$a1952.
=500  \\$aContributed record: Metadata reviewed, not verified. Some fields updated by batch processes.
=500  \\$aTitle from PDF title page.
=504  \\$aIncludes bibliographical references.
=700  1\$aBender, E. W.
=700  1\$aRhodes, Catherine.
=700  1\$aSandholzer, Marjorie W.
=710  1\$aUnited States.$bNational Bureau of Standards.
=830  \0$aNBS report ;$v1555.
=856  4\$uhttps://dx.doi.org/10.6028/NBS.RPT.1555
=856  4\$zAddress at time of PURL creation$uhttps://www.govinfo.gov/content/pkg/GOVPUB-C13-89838380ebbdb037993c57b41d275983/pdf/GOVPUB-C13-89838380ebbdb037993c57b41d275983.pdf
=856  40$uhttps://purl.fdlp.gov/GPO/gpo100369
=049  \\$aGPOO
=922  \\$aBatch-processed
=922  \\$aNIST-1$b20180815

