=LDR  01539nam  2200385Ia 45e0
=001  001076750
=003  OCoLC
=005  20180711120935.0
=008  161006s1952\\\\mdu\\\\\ob\\\f000\0\eng\d
=024  8\$aGOVPUB-C13-6af5cd1a75579d9e9b2a62220e251725
=035  \\$a(OCoLC)959982788
=040  \\$aNBS$beng$erda$cNBS$dOCLCO$dOCLCQ
=086  0\$aC 13.38:1694
=100  1\$aSavage, I. Richard.
=245  10$aSimultaneous tests of randomness and other hypotheses /$cI. Richard Savage.
=264  \1$aGaithersburg, MD :$bU.S. Dept. of Commerce, National Institute of Standards and Technology,$c1952.
=300  \\$a1 online resource.
=336  \\$atext$btxt$2rdacontent
=337  \\$acomputer$bc$2rdamedia
=338  \\$aonline resource$bcr$2rdacarrier
=490  1\$aNBS report ;$v1694
=500  \\$a1952.
=500  \\$aContributed record: Metadata reviewed, not verified. Some fields updated by batch processes.
=500  \\$aTitle from PDF title page.
=504  \\$aIncludes bibliographical references.
=650  \0$aStochastic processes$xTesting.
=700  1\$aSavage, I. Richard.
=710  1\$aUnited States.$bNational Bureau of Standards.
=830  \0$aNBS report ;$v1694.
=856  4\$uhttps://dx.doi.org/10.6028/NBS.RPT.1694
=856  4\$zAddress at time of PURL creation$uhttps://www.govinfo.gov/content/pkg/GOVPUB-C13-6af5cd1a75579d9e9b2a62220e251725/pdf/GOVPUB-C13-6af5cd1a75579d9e9b2a62220e251725.pdf
=856  40$uhttps://purl.fdlp.gov/GPO/gpo98982
=049  \\$aGPOO
=922  \\$aBatch-processed
=922  \\$aNIST-1$b20180815

