=LDR  01703nam  2200421Ia 45e0
=001  001076848
=003  OCoLC
=005  20180711121000.0
=008  161006s1952\\\\mdu\\\\\ob\\\f000\0\eng\d
=024  8\$aGOVPUB-C13-8772d50e18884e32189d38e1d81cb99f
=035  \\$a(OCoLC)959982805
=040  \\$aNBS$beng$erda$cNBS$dOCLCO$dOCLCF$dOCLCQ
=086  0\$aC 13.38:1744
=100  1\$aSavage, I. Richard.
=245  10$aProbability inequalities of the Tchebycheff type /$cI. Richard Savage.
=264  \1$aGaithersburg, MD :$bU.S. Dept. of Commerce, National Institute of Standards and Technology,$c1952.
=300  \\$a1 online resource.
=336  \\$atext$btxt$2rdacontent
=337  \\$acomputer$bc$2rdamedia
=338  \\$aonline resource$bcr$2rdacarrier
=490  1\$aNBS report ;$v1744
=500  \\$a1952.
=500  \\$aContributed record: Metadata reviewed, not verified. Some fields updated by batch processes.
=500  \\$aTitle from PDF title page.
=504  \\$aIncludes bibliographical references.
=650  \0$aChebyshev systems.
=650  \0$aInequalities (Mathematics)
=650  \7$aChebyshev systems.$2fast$0(OCoLC)fst00852637
=650  \7$aInequalities (Mathematics)$2fast$0(OCoLC)fst00972020
=700  1\$aSavage, I. Richard.
=710  1\$aUnited States.$bNational Bureau of Standards.
=830  \0$aNBS report ;$v1744.
=856  4\$uhttps://dx.doi.org/10.6028/NBS.RPT.1744
=856  4\$zAddress at time of PURL creation$uhttps://www.govinfo.gov/content/pkg/GOVPUB-C13-8772d50e18884e32189d38e1d81cb99f/pdf/GOVPUB-C13-8772d50e18884e32189d38e1d81cb99f.pdf
=856  40$uhttps://purl.fdlp.gov/GPO/gpo100287
=049  \\$aGPOO
=922  \\$aBatch-processed
=922  \\$aNIST-1$b20180815

