=LDR  01722nam  2200421Ia 45e0
=001  001077136
=003  OCoLC
=005  20180711120940.0
=008  160829s1952\\\\mdu\\\\\ob\\\f000\0\eng\d
=024  8\$aGOVPUB-C13-d2c4f498771844383962a459b7fc7bd7
=035  \\$a(OCoLC)957470068
=040  \\$aNBS$beng$erda$cNBS$dOCLCO$dOCLCF$dOCLCQ
=086  0\$aC 13.38:1454
=100  1\$aSetchkin, Nicholas P.
=245  10$aCombustibility tests of 47 ASTM material samples /$cNicholas P. Setchkin.
=264  \1$aGaithersburg, MD :$bU.S. Dept. of Commerce, National Institute of Standards and Technology,$c1952.
=300  \\$a1 online resource.
=336  \\$atext$btxt$2rdacontent
=337  \\$acomputer$bc$2rdamedia
=338  \\$aonline resource$bcr$2rdacarrier
=490  1\$aNBS report ;$v1454
=500  \\$a1952.
=500  \\$aContributed record: Metadata reviewed, not verified. Some fields updated by batch processes.
=500  \\$aTitle from PDF title page.
=504  \\$aIncludes bibliographical references.
=650  \0$aCombustion$xTesting.
=650  \0$aMaterials$xThermal properties.
=650  \7$aCombustion$xTesting.$2fast$0(OCoLC)fst00869042
=650  \7$aMaterials$xThermal properties.$2fast$0(OCoLC)fst01011896
=700  1\$aSetchkin, Nicholas P.
=710  1\$aUnited States.$bNational Bureau of Standards.
=830  \0$aNBS report ;$v1454.
=856  4\$uhttps://dx.doi.org/10.6028/NBS.RPT.1454
=856  4\$zAddress at time of PURL creation$uhttps://www.govinfo.gov/content/pkg/GOVPUB-C13-d2c4f498771844383962a459b7fc7bd7/pdf/GOVPUB-C13-d2c4f498771844383962a459b7fc7bd7.pdf
=856  40$uhttps://purl.fdlp.gov/GPO/gpo103310
=049  \\$aGPOO
=922  \\$aBatch-processed
=922  \\$aNIST-1$b20180815

