=LDR  01590nam  2200397Ia 45e0
=001  001076431
=003  OCoLC
=005  20180711121000.0
=008  161006s1952\\\\mdu\\\\\ob\\\f000\0\eng\d
=024  8\$aGOVPUB-C13-1c68ea302e81a4c549ad8f19f0f64ef7
=035  \\$a(OCoLC)959982787
=040  \\$aNBS$beng$erda$cNBS$dOCLCO$dOCLCF$dOCLCQ
=086  0\$aC 13.38:1621
=100  1\$aTeichroew, D.
=245  10$aEmpirical sampling distributions II /$cD. Teichroew.
=264  \1$aGaithersburg, MD :$bU.S. Dept. of Commerce, National Institute of Standards and Technology,$c1952.
=300  \\$a1 online resource.
=336  \\$atext$btxt$2rdacontent
=337  \\$acomputer$bc$2rdamedia
=338  \\$aonline resource$bcr$2rdacarrier
=490  1\$aNBS report ;$v1621
=500  \\$a1952.
=500  \\$aContributed record: Metadata reviewed, not verified. Some fields updated by batch processes.
=500  \\$aTitle from PDF title page.
=504  \\$aIncludes bibliographical references.
=650  \0$aDistribution (Probability theory)
=650  \7$aDistribution (Probability theory)$2fast$0(OCoLC)fst00895600
=700  1\$aTeichroew, D.
=710  1\$aUnited States.$bNational Bureau of Standards.
=830  \0$aNBS report ;$v1621.
=856  4\$uhttps://dx.doi.org/10.6028/NBS.RPT.1621
=856  4\$zAddress at time of PURL creation$uhttps://www.govinfo.gov/content/pkg/GOVPUB-C13-1c68ea302e81a4c549ad8f19f0f64ef7/pdf/GOVPUB-C13-1c68ea302e81a4c549ad8f19f0f64ef7.pdf
=856  40$uhttps://purl.fdlp.gov/GPO/gpo95682
=049  \\$aGPOO
=922  \\$aBatch-processed
=922  \\$aNIST-1$b20180815

