=LDR  01536nam  2200373Ia 45e0
=001  001076500
=003  OCoLC
=005  20180711121000.0
=008  161006s1952\\\\mdu\\\\\ob\\\f000\0\eng\d
=024  8\$aGOVPUB-C13-2dc601ae588341248a2c925f152e03cb
=035  \\$a(OCoLC)959982810
=040  \\$aNBS$beng$erda$cNBS$dOCLCO$dOCLCQ
=086  0\$aC 13.38:1859
=110  1\$aUnited States.$bNational Bureau of Standards.
=245  10$aProbability tables for the Wilcoxon test when there are ties /$cNational Bureau of Standards.
=264  \1$aGaithersburg, MD :$bU.S. Dept. of Commerce, National Institute of Standards and Technology,$c1952.
=300  \\$a1 online resource.
=336  \\$atext$btxt$2rdacontent
=337  \\$acomputer$bc$2rdamedia
=338  \\$aonline resource$bcr$2rdacarrier
=490  1\$aNBS report ;$v1859
=500  \\$a1952.
=500  \\$aContributed record: Metadata reviewed, not verified. Some fields updated by batch processes.
=500  \\$aTitle from PDF title page.
=504  \\$aIncludes bibliographical references.
=650  \0$aWilcoxon statistic.
=710  1\$aUnited States.$bNational Bureau of Standards.
=830  \0$aNBS report ;$v1859.
=856  4\$uhttps://dx.doi.org/10.6028/NBS.RPT.1859
=856  4\$zAddress at time of PURL creation$uhttps://www.govinfo.gov/content/pkg/GOVPUB-C13-2dc601ae588341248a2c925f152e03cb/pdf/GOVPUB-C13-2dc601ae588341248a2c925f152e03cb.pdf
=856  40$uhttps://purl.fdlp.gov/GPO/gpo96234
=049  \\$aGPOO
=922  \\$aBatch-processed
=922  \\$aNIST-1$b20180815

