=LDR  01723nam  2200397Ia 45e0
=001  001076852
=003  OCoLC
=005  20180711121000.0
=008  161006s1952\\\\mdu\\\\\ob\\\f000\0\eng\d
=024  8\$aGOVPUB-C13-888e91741eb30522cc7c3a396e54d74f
=035  \\$a(OCoLC)959982792
=040  \\$aNBS$beng$erda$cNBS$dOCLCO$dOCLCQ$dOCLCF
=086  0\$aC 13.38:1786
=110  1\$aUnited States.$bNational Bureau of Standards.
=245  10$aApplications of the theory of stochastic processes to the study of trajectories :$bprogress report for April - June 1952 /$cNational Bureau of Standards.
=264  \1$aGaithersburg, MD :$bU.S. Dept. of Commerce, National Institute of Standards and Technology,$c1952.
=300  \\$a1 online resource.
=336  \\$atext$btxt$2rdacontent
=337  \\$acomputer$bc$2rdamedia
=338  \\$aonline resource$bcr$2rdacarrier
=490  1\$aNBS report ;$v1786
=500  \\$a1952.
=500  \\$aContributed record: Metadata reviewed, not verified. Some fields updated by batch processes.
=500  \\$aTitle from PDF title page.
=504  \\$aIncludes bibliographical references.
=650  \0$aAirplanes$xTrajectories.
=650  \0$aStochastic processes$xTesting.
=650  \7$aAirplanes$xTrajectories.$2fast$0(OCoLC)fst01765561
=710  1\$aUnited States.$bNational Bureau of Standards.
=830  \0$aNBS report ;$v1786.
=856  4\$uhttps://dx.doi.org/10.6028/NBS.RPT.1786
=856  4\$zAddress at time of PURL creation$uhttps://www.govinfo.gov/content/pkg/GOVPUB-C13-888e91741eb30522cc7c3a396e54d74f/pdf/GOVPUB-C13-888e91741eb30522cc7c3a396e54d74f.pdf
=856  40$uhttps://purl.fdlp.gov/GPO/gpo100327
=049  \\$aGPOO
=922  \\$aBatch-processed
=922  \\$aNIST-1$b20180815

