=LDR  01778nam  2200409Ia 45e0
=001  001076864
=003  OCoLC
=005  20180711121000.0
=008  161006s1952\\\\mdu\\\\\ob\\\f000\0\eng\d
=024  8\$aGOVPUB-C13-8bc53828514db5ef14bd93099cc5ff43
=035  \\$a(OCoLC)959982812
=040  \\$aNBS$beng$erda$cNBS$dOCLCO$dOCLCF$dOCLCQ
=086  0\$aC 13.38:1959
=110  1\$aUnited States.$bNational Bureau of Standards.
=245  10$aApplications of the theory of stochastic processes to the study of trajectories :$bprogress report for July - Sept. 1952 /$cNational Bureau of Standards.
=264  \1$aGaithersburg, MD :$bU.S. Dept. of Commerce, National Institute of Standards and Technology,$c1952.
=300  \\$a1 online resource.
=336  \\$atext$btxt$2rdacontent
=337  \\$acomputer$bc$2rdamedia
=338  \\$aonline resource$bcr$2rdacarrier
=490  1\$aNBS report ;$v1959
=500  \\$a1952.
=500  \\$aContributed record: Metadata reviewed, not verified. Some fields updated by batch processes.
=500  \\$aTitle from PDF title page.
=504  \\$aIncludes bibliographical references.
=650  \0$aAirplanes$xTrajectories.
=650  \0$aStochastic processes.
=650  \7$aAirplanes$xTrajectories.$2fast$0(OCoLC)fst01765561
=650  \7$aStochastic processes.$2fast$0(OCoLC)fst01133519
=710  1\$aUnited States.$bNational Bureau of Standards.
=830  \0$aNBS report ;$v1959.
=856  4\$uhttps://dx.doi.org/10.6028/NBS.RPT.1959
=856  4\$zAddress at time of PURL creation$uhttps://www.govinfo.gov/content/pkg/GOVPUB-C13-8bc53828514db5ef14bd93099cc5ff43/pdf/GOVPUB-C13-8bc53828514db5ef14bd93099cc5ff43.pdf
=856  40$uhttps://purl.fdlp.gov/GPO/gpo100451
=049  \\$aGPOO
=922  \\$aBatch-processed
=922  \\$aNIST-1$b20180815

