=LDR  01282nam  2200301Ia 45e0
=001  001076873
=003  OCoLC
=005  20180711120933.0
=008  880429s1952\\\\dcu\\\\\\\\\\u000\0\engsd
=024  8\$aGOVPUB-C13-8e31627f13c6582f110a87eca23a399b
=035  \\$a(OCoLC)897981420
=040  \\$aCON$beng$cCON$dOCLCO$dOCLCQ$dCON
=086  0\$aC 13.38:2442
=110  1\$aUnited States.$bNational Bureau of Standards.
=245  10$aSEMIANNUAL PROGRESS REPORT OF THE OFFICE OF BASIC INSTRUMENTATION FOR THE PERIOD ENDING DECEMBER 31, 1952.
=264  \1$cGaithersburg, MD :$bU.S. Dept. of Commerce, National Institute of Standards and Technology,$c1952.
=300  \\$a1 online resource (71 pages).
=336  \\$atext$btxt$2rdacontent
=337  \\$aunmediated$bn$2rdamedia
=338  \\$avolume$bnc$2rdacarrier
=490  1\$aNBS report ;$v2442
=500  \\$aContributed record: Metadata reviewed, not verified. Some fields updated by batch processes.
=830  \0$aNBS report ;$v2442.
=856  4\$zAddress at time of PURL creation$uhttps://www.govinfo.gov/content/pkg/GOVPUB-C13-8e31627f13c6582f110a87eca23a399b/pdf/GOVPUB-C13-8e31627f13c6582f110a87eca23a399b.pdf
=856  40$uhttps://purl.fdlp.gov/GPO/gpo100546
=049  \\$aGPOO
=922  \\$aBatch-processed
=922  \\$aNIST-1$b20180815

