=LDR  01786nam  2200421Ia 45e0
=001  001076948
=003  OCoLC
=005  20180711121000.0
=008  161006s1952\\\\mdu\\\\\ob\\\f000\0\eng\d
=024  8\$aGOVPUB-C13-a4bd4d042186dabcfdd63be02af91d63
=035  \\$a(OCoLC)959982793
=040  \\$aNBS$beng$erda$cNBS$dOCLCO$dOCLCF$dOCLCQ
=086  0\$aC 13.38:1794
=100  1\$aVan Dantzig, D.
=245  10$aTime-discrete stochastic processes in arbitrary sets, with applications to processes with absorbing regions and to the problem of loops in mark off chains /$cD. van Dantzig.
=264  \1$aGaithersburg, MD :$bU.S. Dept. of Commerce, National Institute of Standards and Technology,$c1952.
=300  \\$a1 online resource.
=336  \\$atext$btxt$2rdacontent
=337  \\$acomputer$bc$2rdamedia
=338  \\$aonline resource$bcr$2rdacarrier
=490  1\$aNBS report ;$v1794
=500  \\$a1952.
=500  \\$aContributed record: Metadata reviewed, not verified. Some fields updated by batch processes.
=500  \\$aTitle from PDF title page.
=504  \\$aIncludes bibliographical references.
=650  \0$aMarkov processes.
=650  \0$aStochastic processes.
=650  \7$aMarkov processes.$2fast$0(OCoLC)fst01010347
=650  \7$aStochastic processes.$2fast$0(OCoLC)fst01133519
=700  1\$aVan Dantzig, D.
=710  1\$aUnited States.$bNational Bureau of Standards.
=830  \0$aNBS report ;$v1794.
=856  4\$uhttps://dx.doi.org/10.6028/NBS.RPT.1794
=856  4\$zAddress at time of PURL creation$uhttps://www.govinfo.gov/content/pkg/GOVPUB-C13-a4bd4d042186dabcfdd63be02af91d63/pdf/GOVPUB-C13-a4bd4d042186dabcfdd63be02af91d63.pdf
=856  40$uhttps://purl.fdlp.gov/GPO/gpo101427
=049  \\$aGPOO
=922  \\$aBatch-processed
=922  \\$aNIST-1$b20180815

