=LDR  01613nam  2200409Ia 45e0
=001  001076916
=003  OCoLC
=005  20180711120935.0
=008  161006s1952\\\\mdu\\\\\ob\\\f000\0\eng\d
=024  8\$aGOVPUB-C13-9ac8ff238944a38bab264713da440fee
=035  \\$a(OCoLC)959982841
=040  \\$aNBS$beng$erda$cNBS$dOCLCO$dOCLCF$dOCLCQ
=086  0\$aC 13.38:2135
=100  1\$aYouden, W. J.
=245  10$aMaking one measurement do the work of two /$cW.J. Youden, W.S. Connor.
=264  \1$aGaithersburg, MD :$bU.S. Dept. of Commerce, National Institute of Standards and Technology,$c1952.
=300  \\$a1 online resource.
=336  \\$atext$btxt$2rdacontent
=337  \\$acomputer$bc$2rdamedia
=338  \\$aonline resource$bcr$2rdacarrier
=490  1\$aNBS report ;$v2135
=500  \\$a1952.
=500  \\$aContributed record: Metadata reviewed, not verified. Some fields updated by batch processes.
=500  \\$aTitle from PDF title page.
=504  \\$aIncludes bibliographical references.
=650  \0$aExperimental design.
=650  \7$aExperimental design.$2fast$0(OCoLC)fst00918404
=700  1\$aConnor, W. S.
=700  1\$aYouden, W. J.
=710  1\$aUnited States.$bNational Bureau of Standards.
=830  \0$aNBS report ;$v2135.
=856  4\$uhttps://dx.doi.org/10.6028/NBS.RPT.2135
=856  4\$zAddress at time of PURL creation$uhttps://www.govinfo.gov/content/pkg/GOVPUB-C13-9ac8ff238944a38bab264713da440fee/pdf/GOVPUB-C13-9ac8ff238944a38bab264713da440fee.pdf
=856  40$uhttps://purl.fdlp.gov/GPO/gpo101043
=049  \\$aGPOO
=922  \\$aBatch-processed
=922  \\$aNIST-1$b20180815

