=LDR  01770nam  2200409Ia 45e0
=001  001076482
=003  OCoLC
=005  20180711120941.0
=008  160829s1953\\\\mdu\\\\\ob\\\f000\0\eng\d
=024  8\$aGOVPUB-C13-28dfe09cc3fd137fadbf1cb12b07d502
=035  \\$a(OCoLC)957470158
=040  \\$aNBS$beng$erda$cNBS$dOCLCO$dOCLCF$dOCLCQ
=086  0\$aC 13.38:2956
=100  1\$aAchenbach, P. R.
=245  10$aTests of refrigeration and miscellaneous equipment :$bprogress report July 1 - November 30, 1953 /$cP.R. Achenbach, C.W. Phillips.
=264  \1$aGaithersburg, MD :$bU.S. Dept. of Commerce, National Institute of Standards and Technology,$c1953.
=300  \\$a1 online resource.
=336  \\$atext$btxt$2rdacontent
=337  \\$acomputer$bc$2rdamedia
=338  \\$aonline resource$bcr$2rdacarrier
=490  1\$aNBS report ;$v2956
=500  \\$a1953.
=500  \\$aContributed record: Metadata reviewed, not verified. Some fields updated by batch processes.
=500  \\$aTitle from PDF title page.
=504  \\$aIncludes bibliographical references.
=650  \0$aRefrigeration and refrigerating machinery$xTesting.
=650  \7$aRefrigeration and refrigerating machinery$xTesting.$2fast$0(OCoLC)fst01092744
=700  1\$aAchenbach, P. R.
=700  1\$aPhillips, C. W.$q(Clinton Woodward),$d1919-
=710  1\$aUnited States.$bNational Bureau of Standards.
=830  \0$aNBS report ;$v2956.
=856  4\$uhttps://dx.doi.org/10.6028/NBS.RPT.2956
=856  4\$zAddress at time of PURL creation$uhttps://www.govinfo.gov/content/pkg/GOVPUB-C13-28dfe09cc3fd137fadbf1cb12b07d502/pdf/GOVPUB-C13-28dfe09cc3fd137fadbf1cb12b07d502.pdf
=856  40$uhttps://purl.fdlp.gov/GPO/gpo96101
=049  \\$aGPOO
=922  \\$aBatch-processed
=922  \\$aNIST-1$b20180815

