=LDR  01690nam  2200433Ia 45e0
=001  001076839
=003  OCoLC
=005  20180711120942.0
=008  160829s1953\\\\mdu\\\\\ob\\\f000\0\eng\d
=024  8\$aGOVPUB-C13-83de6b45a91716b52120e36821f521dd
=035  \\$a(OCoLC)957470212
=040  \\$aNBS$beng$erda$cNBS$dOCLCO$dOCLCF$dOCLCQ
=086  0\$aC 13.38:2929
=100  1\$aAchenbach, P. R.
=245  14$aThe heating and ventilating system at Reflection Point /$cP.R. Achenbach, S.D. Cole.
=264  \1$aGaithersburg, MD :$bU.S. Dept. of Commerce, National Institute of Standards and Technology,$c1953.
=300  \\$a1 online resource.
=336  \\$atext$btxt$2rdacontent
=337  \\$acomputer$bc$2rdamedia
=338  \\$aonline resource$bcr$2rdacarrier
=490  1\$aNBS report ;$v2929
=500  \\$a1953.
=500  \\$aContributed record: Metadata reviewed, not verified. Some fields updated by batch processes.
=500  \\$aTitle from PDF title page.
=504  \\$aIncludes bibliographical references.
=650  \0$aHeating.
=650  \0$aVentilation.
=650  \7$aHeating.$2fast$0(OCoLC)fst00954023
=650  \7$aVentilation.$2fast$0(OCoLC)fst01165252
=700  1\$aAchenbach, P. R.
=700  1\$aCole, S. D.
=710  1\$aUnited States.$bNational Bureau of Standards.
=830  \0$aNBS report ;$v2929.
=856  4\$uhttps://dx.doi.org/10.6028/NBS.RPT.2929
=856  4\$zAddress at time of PURL creation$uhttps://www.govinfo.gov/content/pkg/GOVPUB-C13-83de6b45a91716b52120e36821f521dd/pdf/GOVPUB-C13-83de6b45a91716b52120e36821f521dd.pdf
=856  40$uhttps://purl.fdlp.gov/GPO/gpo99973
=049  \\$aGPOO
=922  \\$aBatch-processed
=922  \\$aNIST-1$b20180815

