=LDR  01586nam  2200397Ia 45e0
=001  001077158
=003  OCoLC
=005  20180711120935.0
=008  161006s1953\\\\mdu\\\\\ob\\\f000\0\eng\d
=024  8\$aGOVPUB-C13-d70c67d368ff58b0e13357520c89d1ce
=035  \\$a(OCoLC)959982880
=040  \\$aNBS$beng$erda$cNBS$dOCLCO$dOCLCF$dOCLCQ
=086  0\$aC 13.38:2895
=100  1\$aAntosiewicz, H. A.
=245  10$aOn a certain integral involving Bessel functions /$cH.A. Antosiewicz.
=264  \1$aGaithersburg, MD :$bU.S. Dept. of Commerce, National Institute of Standards and Technology,$c1953.
=300  \\$a1 online resource.
=336  \\$atext$btxt$2rdacontent
=337  \\$acomputer$bc$2rdamedia
=338  \\$aonline resource$bcr$2rdacarrier
=490  1\$aNBS report ;$v2895
=500  \\$a1953.
=500  \\$aContributed record: Metadata reviewed, not verified. Some fields updated by batch processes.
=500  \\$aTitle from PDF title page.
=504  \\$aIncludes bibliographical references.
=650  \0$aBessel functions.
=650  \7$aBessel functions.$2fast$0(OCoLC)fst00830862
=700  1\$aAntosiewicz, H. A.
=710  1\$aUnited States.$bNational Bureau of Standards.
=830  \0$aNBS report ;$v2895.
=856  4\$uhttps://dx.doi.org/10.6028/NBS.RPT.2895
=856  4\$zAddress at time of PURL creation$uhttps://www.govinfo.gov/content/pkg/GOVPUB-C13-d70c67d368ff58b0e13357520c89d1ce/pdf/GOVPUB-C13-d70c67d368ff58b0e13357520c89d1ce.pdf
=856  40$uhttps://purl.fdlp.gov/GPO/gpo103492
=049  \\$aGPOO
=922  \\$aBatch-processed
=922  \\$aNIST-1$b20180815

