=LDR  01586nam  2200397Ia 45e0
=001  001077302
=003  OCoLC
=005  20180711120941.0
=008  160829s1953\\\\mdu\\\\\ob\\\f000\0\eng\d
=024  8\$aGOVPUB-C13-feab00c4ab2598c7ae0d35c75fde918e
=035  \\$a(OCoLC)957470167
=040  \\$aNBS$beng$erda$cNBS$dOCLCO$dOCLCQ
=086  0\$aC 13.38:2485
=100  1\$aBoone, Thomas H.
=245  10$aEvaluation of flooring materials in Army installations /$cThomas H. Boone, Percy A. Sigler, Hubert R. Snoke.
=264  \1$aGaithersburg, MD :$bU.S. Dept. of Commerce, National Institute of Standards and Technology,$c1953.
=300  \\$a1 online resource.
=336  \\$atext$btxt$2rdacontent
=337  \\$acomputer$bc$2rdamedia
=338  \\$aonline resource$bcr$2rdacarrier
=490  1\$aNBS report ;$v2485
=500  \\$a1953.
=500  \\$aContributed record: Metadata reviewed, not verified. Some fields updated by batch processes.
=500  \\$aTitle from PDF title page.
=504  \\$aIncludes bibliographical references.
=700  1\$aBoone, Thomas H.
=700  1\$aSigler, Percy A.
=700  1\$aSnoke, Hubert R.
=710  1\$aUnited States.$bNational Bureau of Standards.
=830  \0$aNBS report ;$v2485.
=856  4\$uhttps://dx.doi.org/10.6028/NBS.RPT.2485
=856  4\$zAddress at time of PURL creation$uhttps://www.govinfo.gov/content/pkg/GOVPUB-C13-feab00c4ab2598c7ae0d35c75fde918e/pdf/GOVPUB-C13-feab00c4ab2598c7ae0d35c75fde918e.pdf
=856  40$uhttps://purl.fdlp.gov/GPO/gpo105379
=049  \\$aGPOO
=922  \\$aBatch-processed
=922  \\$aNIST-1$b20180815

