=LDR  01602nam  2200397Ia 45e0
=001  001077203
=003  OCoLC
=005  20180711121001.0
=008  161006s1953\\\\mdu\\\\\ob\\\f000\0\eng\d
=024  8\$aGOVPUB-C13-e075e7e43c95a2e617bf67e5e0efa3b6
=035  \\$a(OCoLC)959982888
=040  \\$aNBS$beng$erda$cNBS$dOCLCO$dOCLCQ
=086  0\$aC 13.38:3064
=100  1\$aBroida, H. P.
=245  10$aOptical spectroscopic determination of hydrogen isotopes in aqueous mixtures :$bprogress report /$cH.P. Broida, H.J. Morowitz, M. Selgin.
=264  \1$aGaithersburg, MD :$bU.S. Dept. of Commerce, National Institute of Standards and Technology,$c1953.
=300  \\$a1 online resource.
=336  \\$atext$btxt$2rdacontent
=337  \\$acomputer$bc$2rdamedia
=338  \\$aonline resource$bcr$2rdacarrier
=490  1\$aNBS report ;$v3064
=500  \\$a1953.
=500  \\$aContributed record: Metadata reviewed, not verified. Some fields updated by batch processes.
=500  \\$aTitle from PDF title page.
=504  \\$aIncludes bibliographical references.
=700  1\$aBroida, H. P.
=700  1\$aMorowitz, H. J.
=700  1\$aSelgin, M.
=710  1\$aUnited States.$bNational Bureau of Standards.
=830  \0$aNBS report ;$v3064.
=856  4\$uhttps://dx.doi.org/10.6028/NBS.RPT.3064
=856  4\$zAddress at time of PURL creation$uhttps://www.govinfo.gov/content/pkg/GOVPUB-C13-e075e7e43c95a2e617bf67e5e0efa3b6/pdf/GOVPUB-C13-e075e7e43c95a2e617bf67e5e0efa3b6.pdf
=856  40$uhttps://purl.fdlp.gov/GPO/gpo104135
=049  \\$aGPOO
=922  \\$aBatch-processed
=922  \\$aNIST-1$b20180815

