=LDR  01721nam  2200445Ia 45e0
=001  001077279
=003  OCoLC
=005  20180711120942.0
=008  160829s1953\\\\mdu\\\\\ob\\\f000\0\eng\d
=024  8\$aGOVPUB-C13-f65ac982901efcba528757934ed576d0
=035  \\$a(OCoLC)957470193
=040  \\$aNBS$beng$erda$cNBS$dOCLCO$dOCLCF$dOCLCQ$dOCLCA
=086  0\$aC 13.38:2806
=100  1\$aCastle, Alfred B.
=245  10$aElectrical type door interlock /$cAlfred B. Castle.
=264  \1$aGaithersburg, MD :$bU.S. Dept. of Commerce, National Institute of Standards and Technology,$c1953.
=300  \\$a1 online resource.
=336  \\$atext$btxt$2rdacontent
=337  \\$acomputer$bc$2rdamedia
=338  \\$aonline resource$bcr$2rdacarrier
=490  1\$aNBS report ;$v2806
=500  \\$a1953.
=500  \\$aContributed record: Metadata reviewed, not verified. Some fields updated by batch processes.
=500  \\$aTitle from PDF title page.
=504  \\$aIncludes bibliographical references.
=650  \0$aDoors.
=650  \0$aHospitals.
=650  \0$aLocks and keys.
=650  \7$aDoors.$2fast$0(OCoLC)fst00896894
=650  \7$aHospitals.$2fast$0(OCoLC)fst00961166
=650  \7$aLocks and keys.$2fast$0(OCoLC)fst01001710
=700  1\$aCastle, Alfred B.
=710  1\$aUnited States.$bNational Bureau of Standards.
=830  \0$aNBS report ;$v2806.
=856  4\$uhttps://dx.doi.org/10.6028/NBS.RPT.2806
=856  4\$zAddress at time of PURL creation$uhttps://www.govinfo.gov/content/pkg/GOVPUB-C13-f65ac982901efcba528757934ed576d0/pdf/GOVPUB-C13-f65ac982901efcba528757934ed576d0.pdf
=856  40$uhttps://purl.fdlp.gov/GPO/gpo105039
=049  \\$aGPOO
=922  \\$aBatch-processed
=922  \\$aNIST-1$b20180815

