=LDR  01543nam  2200397Ia 45e0
=001  001076886
=003  OCoLC
=005  20180711121000.0
=008  161006s1953\\\\mdu\\\\\ob\\\f000\0\eng\d
=024  8\$aGOVPUB-C13-9229ed998c0aacf7b3d6638daf89c763
=035  \\$a(OCoLC)959982764
=040  \\$aNBS$beng$erda$cNBS$dOCLCO$dOCLCQ
=086  0\$aC 13.38:2560
=100  1\$aClatworthy, W. H.
=245  12$aA testing plan for cement /$cW.H. Clatworthy, W.S. Connor, D.N. Evans.
=264  \1$aGaithersburg, MD :$bU.S. Dept. of Commerce, National Institute of Standards and Technology,$c1953.
=300  \\$a1 online resource.
=336  \\$atext$btxt$2rdacontent
=337  \\$acomputer$bc$2rdamedia
=338  \\$aonline resource$bcr$2rdacarrier
=490  1\$aNBS report ;$v2560
=500  \\$a1953.
=500  \\$aContributed record: Metadata reviewed, not verified. Some fields updated by batch processes.
=500  \\$aTitle from PDF title page.
=504  \\$aIncludes bibliographical references.
=700  1\$aClatworthy, W. H.
=700  1\$aConnor, W. S.
=700  1\$aEvans, D. N.
=710  1\$aUnited States.$bNational Bureau of Standards.
=830  \0$aNBS report ;$v2560.
=856  4\$uhttps://dx.doi.org/10.6028/NBS.RPT.2560
=856  4\$zAddress at time of PURL creation$uhttps://www.govinfo.gov/content/pkg/GOVPUB-C13-9229ed998c0aacf7b3d6638daf89c763/pdf/GOVPUB-C13-9229ed998c0aacf7b3d6638daf89c763.pdf
=856  40$uhttps://purl.fdlp.gov/GPO/gpo100703
=049  \\$aGPOO
=922  \\$aBatch-processed
=922  \\$aNIST-1$b20180815

