=LDR  01829nam  2200457Ia 45e0
=001  001076998
=003  OCoLC
=005  20180711120941.0
=008  160829s1953\\\\mdu\\\\\ob\\\f000\0\eng\d
=024  8\$aGOVPUB-C13-b2e1295d7ff57a614d83b4393ef0815b
=035  \\$a(OCoLC)957470169
=040  \\$aNBS$beng$erda$cNBS$dOCLCO$dOCLCF$dOCLCQ
=086  0\$aC 13.38:2531
=100  1\$aCoblentz, Carl W.
=245  10$aGrease filter test methods :$bprogress report for December 1, 1952 to April 30, 1953 /$cCarl W. Coblentz, P.R. Achenbach.
=264  \1$aGaithersburg, MD :$bU.S. Dept. of Commerce, National Institute of Standards and Technology,$c1953.
=300  \\$a1 online resource.
=336  \\$atext$btxt$2rdacontent
=337  \\$acomputer$bc$2rdamedia
=338  \\$aonline resource$bcr$2rdacarrier
=490  1\$aNBS report ;$v2531
=500  \\$a1953.
=500  \\$aContributed record: Metadata reviewed, not verified. Some fields updated by batch processes.
=500  \\$aTitle from PDF title page.
=504  \\$aIncludes bibliographical references.
=650  \0$aAir filters$xTesting.
=650  \0$aFrying.
=650  \0$aWarships.
=650  \7$aAir filters$xTesting.$2fast$0(OCoLC)fst00802369
=650  \7$aFrying.$2fast$0(OCoLC)fst00935780
=650  \7$aWarships.$2fast$0(OCoLC)fst01170862
=700  1\$aAchenbach, P. R.
=700  1\$aCoblentz, Carl W.
=710  1\$aUnited States.$bNational Bureau of Standards.
=830  \0$aNBS report ;$v2531.
=856  4\$uhttps://dx.doi.org/10.6028/NBS.RPT.2531
=856  4\$zAddress at time of PURL creation$uhttps://www.govinfo.gov/content/pkg/GOVPUB-C13-b2e1295d7ff57a614d83b4393ef0815b/pdf/GOVPUB-C13-b2e1295d7ff57a614d83b4393ef0815b.pdf
=856  40$uhttps://purl.fdlp.gov/GPO/gpo101989
=049  \\$aGPOO
=922  \\$aBatch-processed
=922  \\$aNIST-1$b20180815

