=LDR  01608nam  2200421Ia 45e0
=001  001076733
=003  OCoLC
=005  20180711120939.0
=008  160829s1953\\\\mdu\\\\\ob\\\f000\0\eng\d
=024  8\$aGOVPUB-C13-65e4a0e1737b4966e4dbbf3064aa92c9
=035  \\$a(OCoLC)957469192
=040  \\$aNBS$beng$erda$cNBS$dOCLCO$dOCLCQ$dOCLCF
=086  0\$aC 13.38:2730
=100  1\$aCole, Selden D.
=245  10$aColeman inverted lanterns /$cSelden D. Cole.
=264  \1$aGaithersburg, MD :$bU.S. Dept. of Commerce, National Institute of Standards and Technology,$c1953.
=300  \\$a1 online resource.
=336  \\$atext$btxt$2rdacontent
=337  \\$acomputer$bc$2rdamedia
=338  \\$aonline resource$bcr$2rdacarrier
=490  1\$aNBS report ;$v2730
=500  \\$a1953.
=500  \\$aContributed record: Metadata reviewed, not verified. Some fields updated by batch processes.
=500  \\$aTitle from PDF title page.
=504  \\$aIncludes bibliographical references.
=650  \0$aGas-lighting$xTesting.
=650  \0$aLanterns$xTesting.
=650  \0$aValves.
=650  \7$aValves.$2fast$0(OCoLC)fst01163943
=700  1\$aCole, Selden D.
=710  1\$aUnited States.$bNational Bureau of Standards.
=830  \0$aNBS report ;$v2730.
=856  4\$uhttps://dx.doi.org/10.6028/NBS.RPT.2730
=856  4\$zAddress at time of PURL creation$uhttps://www.govinfo.gov/content/pkg/GOVPUB-C13-65e4a0e1737b4966e4dbbf3064aa92c9/pdf/GOVPUB-C13-65e4a0e1737b4966e4dbbf3064aa92c9.pdf
=856  40$uhttps://purl.fdlp.gov/GPO/gpo98786
=049  \\$aGPOO
=922  \\$aBatch-processed
=922  \\$aNIST-1$b20180815

