=LDR  01537nam  2200385Ia 45e0
=001  001076747
=003  OCoLC
=005  20180711120935.0
=008  161006s1953\\\\mdu\\\\\ob\\\f000\0\eng\d
=024  8\$aGOVPUB-C13-6959e1bffa9a3a7d167f647f027a6752
=035  \\$a(OCoLC)959982883
=040  \\$aNBS$beng$erda$cNBS$dOCLCO$dOCLCQ
=086  0\$aC 13.38:2972
=100  1\$aConnor, W. S.
=245  12$aA study of the cement testing program of the National Bureau of Standards /$cW.S. Connor.
=264  \1$aGaithersburg, MD :$bU.S. Dept. of Commerce, National Institute of Standards and Technology,$c1953.
=300  \\$a1 online resource.
=336  \\$atext$btxt$2rdacontent
=337  \\$acomputer$bc$2rdamedia
=338  \\$aonline resource$bcr$2rdacarrier
=490  1\$aNBS report ;$v2972
=500  \\$a1953.
=500  \\$aContributed record: Metadata reviewed, not verified. Some fields updated by batch processes.
=500  \\$aTitle from PDF title page.
=504  \\$aIncludes bibliographical references.
=650  \0$aCement$xTesting$xPrograms.
=700  1\$aConnor, W. S.
=710  1\$aUnited States.$bNational Bureau of Standards.
=830  \0$aNBS report ;$v2972.
=856  4\$uhttps://dx.doi.org/10.6028/NBS.RPT.2972
=856  4\$zAddress at time of PURL creation$uhttps://www.govinfo.gov/content/pkg/GOVPUB-C13-6959e1bffa9a3a7d167f647f027a6752/pdf/GOVPUB-C13-6959e1bffa9a3a7d167f647f027a6752.pdf
=856  40$uhttps://purl.fdlp.gov/GPO/gpo98919
=049  \\$aGPOO
=922  \\$aBatch-processed
=922  \\$aNIST-1$b20180815

