=LDR  01666nam  2200421Ia 45e0
=001  001077272
=003  OCoLC
=005  20180711120942.0
=008  160829s1953\\\\mdu\\\\\ob\\\f000\0\eng\d
=024  8\$aGOVPUB-C13-f3fa4ab398dc6a414c40ff4ad2422b22
=035  \\$a(OCoLC)957470192
=040  \\$aNBS$beng$erda$cNBS$dOCLCO$dOCLCQ
=086  0\$aC 13.38:2803
=100  1\$aCullen, William C.
=245  10$aProtection of glass and metal surfaces from wind-blown sand /$cWilliam C. Cullen, Raymond E. Myers.
=264  \1$aGaithersburg, MD :$bU.S. Dept. of Commerce, National Institute of Standards and Technology,$c1953.
=300  \\$a1 online resource.
=336  \\$atext$btxt$2rdacontent
=337  \\$acomputer$bc$2rdamedia
=338  \\$aonline resource$bcr$2rdacarrier
=490  1\$aNBS report ;$v2803
=500  \\$a1953.
=500  \\$aContributed record: Metadata reviewed, not verified. Some fields updated by batch processes.
=500  \\$aTitle from PDF title page.
=504  \\$aIncludes bibliographical references.
=650  \0$aGlass$xAbrasion resistance.
=650  \0$aMetals$xAbrasion.
=650  \0$aWeathering resistance.
=700  1\$aCullen, William C.
=700  1\$aMyers, Raymond E.
=710  1\$aUnited States.$bNational Bureau of Standards.
=830  \0$aNBS report ;$v2803.
=856  4\$uhttps://dx.doi.org/10.6028/NBS.RPT.2803
=856  4\$zAddress at time of PURL creation$uhttps://www.govinfo.gov/content/pkg/GOVPUB-C13-f3fa4ab398dc6a414c40ff4ad2422b22/pdf/GOVPUB-C13-f3fa4ab398dc6a414c40ff4ad2422b22.pdf
=856  40$uhttps://purl.fdlp.gov/GPO/gpo104941
=049  \\$aGPOO
=922  \\$aBatch-processed
=922  \\$aNIST-1$b20180815

