=LDR  01587nam  2200397Ia 45e0
=001  001076553
=003  OCoLC
=005  20180711121001.0
=008  161006s1953\\\\mdu\\\\\ob\\\f000\0\eng\d
=024  8\$aGOVPUB-C13-3a1bb915ff2eb274d8235f3967738c2e
=035  \\$a(OCoLC)959982865
=040  \\$aNBS$beng$erda$cNBS$dOCLCO$dOCLCF$dOCLCQ
=086  0\$aC 13.38:2365
=100  1\$aCurtiss, J. H.
=245  10$aMonte Carlo methods for the iteration of linear operations /$cJ.H. Curtiss.
=264  \1$aGaithersburg, MD :$bU.S. Dept. of Commerce, National Institute of Standards and Technology,$c1953.
=300  \\$a1 online resource.
=336  \\$atext$btxt$2rdacontent
=337  \\$acomputer$bc$2rdamedia
=338  \\$aonline resource$bcr$2rdacarrier
=490  1\$aNBS report ;$v2365
=500  \\$a1953.
=500  \\$aContributed record: Metadata reviewed, not verified. Some fields updated by batch processes.
=500  \\$aTitle from PDF title page.
=504  \\$aIncludes bibliographical references.
=650  \0$aMonte Carlo method.
=650  \7$aMonte Carlo method.$2fast$0(OCoLC)fst01025819
=700  1\$aCurtiss, J. H.
=710  1\$aUnited States.$bNational Bureau of Standards.
=830  \0$aNBS report ;$v2365.
=856  4\$uhttps://dx.doi.org/10.6028/NBS.RPT.2365
=856  4\$zAddress at time of PURL creation$uhttps://www.govinfo.gov/content/pkg/GOVPUB-C13-3a1bb915ff2eb274d8235f3967738c2e/pdf/GOVPUB-C13-3a1bb915ff2eb274d8235f3967738c2e.pdf
=856  40$uhttps://purl.fdlp.gov/GPO/gpo96759
=049  \\$aGPOO
=922  \\$aBatch-processed
=922  \\$aNIST-1$b20180815

