=LDR  01634nam  2200385Ia 45e0
=001  001076631
=003  OCoLC
=005  20180711120956.0
=008  161006s1953\\\\mdu\\\\\ob\\\f000\0\eng\d
=024  8\$aGOVPUB-C13-4c503ed5e3ba9f3800a2160d66f107fe
=035  \\$a(OCoLC)959982550
=040  \\$aNBS$beng$erda$cNBS$dOCLCO$dOCLCF$dOCLCQ
=086  0\$aC 13.38:2286
=110  2\$aDental Research Laboratory.
=245  10$aReport on dental research at the National Bureau of Standards :$bfor the half year ending December 31, 1952 /$cDental Research Laboratory.
=264  \1$aGaithersburg, MD :$bU.S. Dept. of Commerce, National Institute of Standards and Technology,$c1953.
=300  \\$a1 online resource.
=336  \\$atext$btxt$2rdacontent
=337  \\$acomputer$bc$2rdamedia
=338  \\$aonline resource$bcr$2rdacarrier
=490  1\$aNBS report ;$v2286
=500  \\$a1953.
=500  \\$aContributed record: Metadata reviewed, not verified. Some fields updated by batch processes.
=500  \\$aTitle from PDF title page.
=504  \\$aIncludes bibliographical references.
=650  \0$aDentistry$xResearch.
=650  \7$aDentistry$xResearch.$2fast$0(OCoLC)fst00890671
=710  1\$aUnited States.$bNational Bureau of Standards.
=830  \0$aNBS report ;$v2286.
=856  4\$uhttps://dx.doi.org/10.6028/NBS.RPT.2286
=856  4\$zAddress at time of PURL creation$uhttps://www.govinfo.gov/content/pkg/GOVPUB-C13-4c503ed5e3ba9f3800a2160d66f107fe/pdf/GOVPUB-C13-4c503ed5e3ba9f3800a2160d66f107fe.pdf
=856  40$uhttps://purl.fdlp.gov/GPO/gpo98203
=049  \\$aGPOO
=922  \\$aBatch-processed
=922  \\$aNIST-1$b20180815

