=LDR  01592nam  2200397Ia 45e0
=001  001077198
=003  OCoLC
=005  20180711120941.0
=008  160829s1953\\\\mdu\\\\\ob\\\f000\0\eng\d
=024  8\$aGOVPUB-C13-df10ca9cfaf5495c6b09c206d32ce2b6
=035  \\$a(OCoLC)957470155
=040  \\$aNBS$beng$erda$cNBS$dOCLCO$dOCLCQ
=086  0\$aC 13.38:2506
=100  1\$aDillard, R. L.
=245  12$aA study of two 3/4 HP Sterling air conditioners /$cR.L. Dillard, Henry Karger, C.W. Phillips.
=264  \1$aGaithersburg, MD :$bU.S. Dept. of Commerce, National Institute of Standards and Technology,$c1953.
=300  \\$a1 online resource.
=336  \\$atext$btxt$2rdacontent
=337  \\$acomputer$bc$2rdamedia
=338  \\$aonline resource$bcr$2rdacarrier
=490  1\$aNBS report ;$v2506
=500  \\$a1953.
=500  \\$aContributed record: Metadata reviewed, not verified. Some fields updated by batch processes.
=500  \\$aTitle from PDF title page.
=504  \\$aIncludes bibliographical references.
=700  1\$aDillard, R. L.
=700  1\$aKarger, Henry.
=700  1\$aPhillips, C. W.$q(Clinton Woodward),$d1919-
=710  1\$aUnited States.$bNational Bureau of Standards.
=830  \0$aNBS report ;$v2506.
=856  4\$uhttps://dx.doi.org/10.6028/NBS.RPT.2506
=856  4\$zAddress at time of PURL creation$uhttps://www.govinfo.gov/content/pkg/GOVPUB-C13-df10ca9cfaf5495c6b09c206d32ce2b6/pdf/GOVPUB-C13-df10ca9cfaf5495c6b09c206d32ce2b6.pdf
=856  40$uhttps://purl.fdlp.gov/GPO/gpo104079
=049  \\$aGPOO
=922  \\$aBatch-processed
=922  \\$aNIST-1$b20180815

