=LDR  01528nam  2200385Ia 45e0
=001  001077146
=003  OCoLC
=005  20180711121000.0
=008  161006s1953\\\\mdu\\\\\ob\\\f000\0\eng\d
=024  8\$aGOVPUB-C13-d3a476d56df9156e4d3e621368826234
=035  \\$a(OCoLC)959982763
=040  \\$aNBS$beng$erda$cNBS$dOCLCO$dOCLCQ
=086  0\$aC 13.38:2489
=100  1\$aDorodnicyn, A. A.
=245  10$aAsymptotic solution of Van Der Pol's equation /$cA.A. Dorodnicyn.
=264  \1$aGaithersburg, MD :$bU.S. Dept. of Commerce, National Institute of Standards and Technology,$c1953.
=300  \\$a1 online resource.
=336  \\$atext$btxt$2rdacontent
=337  \\$acomputer$bc$2rdamedia
=338  \\$aonline resource$bcr$2rdacarrier
=490  1\$aNBS report ;$v2489
=500  \\$a1953.
=500  \\$aContributed record: Metadata reviewed, not verified. Some fields updated by batch processes.
=500  \\$aTitle from PDF title page.
=504  \\$aIncludes bibliographical references.
=650  \0$aOrdinary differential equations.
=700  1\$aDorodnicyn, A. A.
=710  1\$aUnited States.$bNational Bureau of Standards.
=830  \0$aNBS report ;$v2489.
=856  4\$uhttps://dx.doi.org/10.6028/NBS.RPT.2489
=856  4\$zAddress at time of PURL creation$uhttps://www.govinfo.gov/content/pkg/GOVPUB-C13-d3a476d56df9156e4d3e621368826234/pdf/GOVPUB-C13-d3a476d56df9156e4d3e621368826234.pdf
=856  40$uhttps://purl.fdlp.gov/GPO/gpo103350
=049  \\$aGPOO
=922  \\$aBatch-processed
=922  \\$aNIST-1$b20180815

