=LDR  01725nam  2200421Ia 45e0
=001  001076589
=003  OCoLC
=005  20180711120942.0
=008  160829s1953\\\\mdu\\\\\ob\\\f000\0\eng\d
=024  8\$aGOVPUB-C13-43ac766bdecb07c0be9b845e3cc3c922
=035  \\$a(OCoLC)957470176
=040  \\$aNBS$beng$erda$cNBS$dOCLCO$dOCLCF$dOCLCQ
=086  0\$aC 13.38:2595
=100  1\$aFishburn, Cyrus Charles,$d1892-
=245  10$aReview of data on the shrinkage of concrete masonry /$cCyrus C. Fishburn.
=264  \1$aGaithersburg, MD :$bU.S. Dept. of Commerce, National Institute of Standards and Technology,$c1953.
=300  \\$a1 online resource.
=336  \\$atext$btxt$2rdacontent
=337  \\$acomputer$bc$2rdamedia
=338  \\$aonline resource$bcr$2rdacarrier
=490  1\$aNBS report ;$v2595
=500  \\$a1953.
=500  \\$aContributed record: Metadata reviewed, not verified. Some fields updated by batch processes.
=500  \\$aTitle from PDF title page.
=504  \\$aIncludes bibliographical references.
=650  \0$aConcrete masonry$xTesting.
=650  \0$aExpansion (Heat)
=650  \7$aConcrete masonry$xTesting.$2fast$0(OCoLC)fst00874330
=650  \7$aExpansion (Heat)$2fast$0(OCoLC)fst00918296
=700  1\$aFishburn, Cyrus Charles,$d1892-
=710  1\$aUnited States.$bNational Bureau of Standards.
=830  \0$aNBS report ;$v2595.
=856  4\$uhttps://dx.doi.org/10.6028/NBS.RPT.2595
=856  4\$zAddress at time of PURL creation$uhttps://www.govinfo.gov/content/pkg/GOVPUB-C13-43ac766bdecb07c0be9b845e3cc3c922/pdf/GOVPUB-C13-43ac766bdecb07c0be9b845e3cc3c922.pdf
=856  40$uhttps://purl.fdlp.gov/GPO/gpo97199
=049  \\$aGPOO
=922  \\$aBatch-processed
=922  \\$aNIST-1$b20180815

