=LDR  01821nam  2200445Ia 45e0
=001  001077268
=003  OCoLC
=005  20180711120941.0
=008  160829s1953\\\\mdu\\\\\ob\\\f000\0\eng\d
=024  8\$aGOVPUB-C13-f2bd39ee1228e94ffe0fa438c19688cf
=035  \\$a(OCoLC)957470157
=040  \\$aNBS$beng$erda$cNBS$dOCLCO$dOCLCF$dOCLCQ
=086  0\$aC 13.38:2950
=100  1\$aFishburn, Cyrus Charles,$d1892-
=245  10$aWater permeability of a "Marbleseal" coating /$cCyrus C. Fishburn.
=264  \1$aGaithersburg, MD :$bU.S. Dept. of Commerce, National Institute of Standards and Technology,$c1953.
=300  \\$a1 online resource.
=336  \\$atext$btxt$2rdacontent
=337  \\$acomputer$bc$2rdamedia
=338  \\$aonline resource$bcr$2rdacarrier
=490  1\$aNBS report ;$v2950
=500  \\$a1953.
=500  \\$aContributed record: Metadata reviewed, not verified. Some fields updated by batch processes.
=500  \\$aTitle from PDF title page.
=504  \\$aIncludes bibliographical references.
=650  \0$aCinder blocks.
=650  \0$aConcrete$xDeterioration.
=650  \0$aWater vapor, Atmospheric.
=650  \7$aCinder blocks.$2fast$0(OCoLC)fst00861469
=650  \7$aConcrete$xDeterioration.$2fast$0(OCoLC)fst00874160
=650  \7$aWater vapor, Atmospheric.$2fast$0(OCoLC)fst01172244
=700  1\$aFishburn, Cyrus Charles,$d1892-
=710  1\$aUnited States.$bNational Bureau of Standards.
=830  \0$aNBS report ;$v2950.
=856  4\$uhttps://dx.doi.org/10.6028/NBS.RPT.2950
=856  4\$zAddress at time of PURL creation$uhttps://www.govinfo.gov/content/pkg/GOVPUB-C13-f2bd39ee1228e94ffe0fa438c19688cf/pdf/GOVPUB-C13-f2bd39ee1228e94ffe0fa438c19688cf.pdf
=856  40$uhttps://purl.fdlp.gov/GPO/gpo104899
=049  \\$aGPOO
=922  \\$aBatch-processed
=922  \\$aNIST-1$b20180815

