=LDR  01653nam  2200421Ia 45e0
=001  001076493
=003  OCoLC
=005  20180711120957.0
=008  161006s1953\\\\mdu\\\\\ob\\\f000\0\eng\d
=024  8\$aGOVPUB-C13-2c04255788911404e1dc2fb23db89a4e
=035  \\$a(OCoLC)959982591
=040  \\$aNBS$beng$erda$cNBS$dOCLCO$dOCLCF$dOCLCQ
=086  0\$aC 13.38:2369
=100  1\$aForsythe, George E.
=245  12$aA numerical analyst's fifteen-foot shelf /$cGeorge E. Forsythe.
=264  \1$aGaithersburg, MD :$bU.S. Dept. of Commerce, National Institute of Standards and Technology,$c1953.
=300  \\$a1 online resource.
=336  \\$atext$btxt$2rdacontent
=337  \\$acomputer$bc$2rdamedia
=338  \\$aonline resource$bcr$2rdacarrier
=490  1\$aNBS report ;$v2369
=500  \\$a1953.
=500  \\$aContributed record: Metadata reviewed, not verified. Some fields updated by batch processes.
=500  \\$aTitle from PDF title page.
=504  \\$aIncludes bibliographical references.
=650  \0$aBest books.
=650  \0$aMathematics.
=650  \7$aBest books.$2fast$0(OCoLC)fst00830867
=650  \7$aMathematics.$2fast$0(OCoLC)fst01012163
=700  1\$aForsythe, George E.
=710  1\$aUnited States.$bNational Bureau of Standards.
=830  \0$aNBS report ;$v2369.
=856  4\$uhttps://dx.doi.org/10.6028/NBS.RPT.2369
=856  4\$zAddress at time of PURL creation$uhttps://www.govinfo.gov/content/pkg/GOVPUB-C13-2c04255788911404e1dc2fb23db89a4e/pdf/GOVPUB-C13-2c04255788911404e1dc2fb23db89a4e.pdf
=856  40$uhttps://purl.fdlp.gov/GPO/gpo96182
=049  \\$aGPOO
=922  \\$aBatch-processed
=922  \\$aNIST-1$b20180815

