=LDR  01574nam  2200397Ia 45e0
=001  001077076
=003  OCoLC
=005  20180711120935.0
=008  161006s1953\\\\mdu\\\\\ob\\\f000\0\eng\d
=024  8\$aGOVPUB-C13-c51ea5a049e28ad75197989d53e4c9a4
=035  \\$a(OCoLC)959982882
=040  \\$aNBS$beng$erda$cNBS$dOCLCO$dOCLCQ
=086  0\$aC 13.38:2971
=100  1\$aGaddum, J. W.
=245  10$aOn the solution of the Caterer problem /$cJ.W. Gaddum, A.J. Hoffman, D. Sokolowsky.
=264  \1$aGaithersburg, MD :$bU.S. Dept. of Commerce, National Institute of Standards and Technology,$c1953.
=300  \\$a1 online resource.
=336  \\$atext$btxt$2rdacontent
=337  \\$acomputer$bc$2rdamedia
=338  \\$aonline resource$bcr$2rdacarrier
=490  1\$aNBS report ;$v2971
=500  \\$a1953.
=500  \\$aContributed record: Metadata reviewed, not verified. Some fields updated by batch processes.
=500  \\$aTitle from PDF title page.
=504  \\$aIncludes bibliographical references.
=700  1\$aGaddum, J. W.
=700  1\$aHoffman, A. J.$q(Alan Jerome),$d1924-
=700  1\$aSokolowsky, D.
=710  1\$aUnited States.$bNational Bureau of Standards.
=830  \0$aNBS report ;$v2971.
=856  4\$uhttps://dx.doi.org/10.6028/NBS.RPT.2971
=856  4\$zAddress at time of PURL creation$uhttps://www.govinfo.gov/content/pkg/GOVPUB-C13-c51ea5a049e28ad75197989d53e4c9a4/pdf/GOVPUB-C13-c51ea5a049e28ad75197989d53e4c9a4.pdf
=856  40$uhttps://purl.fdlp.gov/GPO/gpo102765
=049  \\$aGPOO
=922  \\$aBatch-processed
=922  \\$aNIST-1$b20180815

