=LDR  01704nam  2200421Ia 45e0
=001  001076955
=003  OCoLC
=005  20180711120942.0
=008  160829s1953\\\\mdu\\\\\ob\\\f000\0\eng\d
=024  8\$aGOVPUB-C13-a6b4fe0cfd6194e517571b5a82b180bc
=035  \\$a(OCoLC)957470183
=040  \\$aNBS$beng$erda$cNBS$dOCLCO$dOCLCQ$dOCLCF
=086  0\$aC 13.38:2720
=100  1\$aGenensky, S. M.$q(Samuel M.)
=245  10$aSurface temperatures with thermal indicators /$cSamuel M. Genensky, A.F. Robertson.
=264  \1$aGaithersburg, MD :$bU.S. Dept. of Commerce, National Institute of Standards and Technology,$c1953.
=300  \\$a1 online resource.
=336  \\$atext$btxt$2rdacontent
=337  \\$acomputer$bc$2rdamedia
=338  \\$aonline resource$bcr$2rdacarrier
=490  1\$aNBS report ;$v2720
=500  \\$a1953.
=500  \\$aContributed record: Metadata reviewed, not verified. Some fields updated by batch processes.
=500  \\$aTitle from PDF title page.
=504  \\$aIncludes bibliographical references.
=650  \0$aRadiant heating.
=650  \0$aSkin absorption$xThermal properties.
=650  \7$aRadiant heating.$2fast$0(OCoLC)fst01086836
=700  1\$aGenensky, S. M.$q(Samuel M.)
=700  1\$aRobertson, A. F.
=710  1\$aUnited States.$bNational Bureau of Standards.
=830  \0$aNBS report ;$v2720.
=856  4\$uhttps://dx.doi.org/10.6028/NBS.RPT.2720
=856  4\$zAddress at time of PURL creation$uhttps://www.govinfo.gov/content/pkg/GOVPUB-C13-a6b4fe0cfd6194e517571b5a82b180bc/pdf/GOVPUB-C13-a6b4fe0cfd6194e517571b5a82b180bc.pdf
=856  40$uhttps://purl.fdlp.gov/GPO/gpo101512
=049  \\$aGPOO
=922  \\$aBatch-processed
=922  \\$aNIST-1$b20180815

