=LDR  01608nam  2200409Ia 45e0
=001  001076927
=003  OCoLC
=005  20180711120941.0
=008  160829s1953\\\\mdu\\\\\ob\\\f000\0\eng\d
=024  8\$aGOVPUB-C13-9f129c3ac4ec7850b6d7201ad8dd6ac0
=035  \\$a(OCoLC)957470153
=040  \\$aNBS$beng$erda$cNBS$dOCLCO$dOCLCQ
=086  0\$aC 13.38:2335
=100  1\$aGoalwin, D. S.
=245  10$aProperties of "spectra-glaze", a glazed-face concrete block /$cD.S. Goalwin, E.W. Bender, E.R. Oglio, H. Shirley.
=264  \1$aGaithersburg, MD :$bU.S. Dept. of Commerce, National Institute of Standards and Technology,$c1953.
=300  \\$a1 online resource.
=336  \\$atext$btxt$2rdacontent
=337  \\$acomputer$bc$2rdamedia
=338  \\$aonline resource$bcr$2rdacarrier
=490  1\$aNBS report ;$v2335
=500  \\$a1953.
=500  \\$aContributed record: Metadata reviewed, not verified. Some fields updated by batch processes.
=500  \\$aTitle from PDF title page.
=504  \\$aIncludes bibliographical references.
=700  1\$aBender, E. W.
=700  1\$aGoalwin, D. S.
=700  1\$aOglio, E. R.
=700  1\$aShirley, H.
=710  1\$aUnited States.$bNational Bureau of Standards.
=830  \0$aNBS report ;$v2335.
=856  4\$uhttps://dx.doi.org/10.6028/NBS.RPT.2335
=856  4\$zAddress at time of PURL creation$uhttps://www.govinfo.gov/content/pkg/GOVPUB-C13-9f129c3ac4ec7850b6d7201ad8dd6ac0/pdf/GOVPUB-C13-9f129c3ac4ec7850b6d7201ad8dd6ac0.pdf
=856  40$uhttps://purl.fdlp.gov/GPO/gpo101187
=049  \\$aGPOO
=922  \\$aBatch-processed
=922  \\$aNIST-1$b20180815

