=LDR  01825nam  2200445Ia 45e0
=001  001076770
=003  OCoLC
=005  20180711120942.0
=008  160829s1953\\\\mdu\\\\\ob\\\f000\0\eng\d
=024  8\$aGOVPUB-C13-704fe1aac7ab33a6180806a25068c872
=035  \\$a(OCoLC)957470195
=040  \\$aNBS$beng$erda$cNBS$dOCLCO$dOCLCF$dOCLCQ
=086  0\$aC 13.38:2809
=100  1\$aGreenfeld, Sidney H.
=245  10$aLaboratory evaluation of six selected commercially available materials as stabilizers for asphalt roofing /$cSidney H. Greenfeld.
=264  \1$aGaithersburg, MD :$bU.S. Dept. of Commerce, National Institute of Standards and Technology,$c1953.
=300  \\$a1 online resource.
=336  \\$atext$btxt$2rdacontent
=337  \\$acomputer$bc$2rdamedia
=338  \\$aonline resource$bcr$2rdacarrier
=490  1\$aNBS report ;$v2809
=500  \\$a1953.
=500  \\$aContributed record: Metadata reviewed, not verified. Some fields updated by batch processes.
=500  \\$aTitle from PDF title page.
=504  \\$aIncludes bibliographical references.
=650  \0$aAsphalt.
=650  \0$aRoofing, Bituminous$xTesting.
=650  \0$aRoofing.
=650  \7$aAsphalt.$2fast$0(OCoLC)fst00818812
=650  \7$aRoofing, Bituminous$xTesting.$2fast$0(OCoLC)fst01100301
=650  \7$aRoofing.$2fast$0(OCoLC)fst01100272
=700  1\$aGreenfeld, Sidney H.
=710  1\$aUnited States.$bNational Bureau of Standards.
=830  \0$aNBS report ;$v2809.
=856  4\$uhttps://dx.doi.org/10.6028/NBS.RPT.2809
=856  4\$zAddress at time of PURL creation$uhttps://www.govinfo.gov/content/pkg/GOVPUB-C13-704fe1aac7ab33a6180806a25068c872/pdf/GOVPUB-C13-704fe1aac7ab33a6180806a25068c872.pdf
=856  40$uhttps://purl.fdlp.gov/GPO/gpo99202
=049  \\$aGPOO
=922  \\$aBatch-processed
=922  \\$aNIST-1$b20180815

