=LDR  01790nam  2200445Ia 45e0
=001  001077210
=003  OCoLC
=005  20180711120941.0
=008  160829s1953\\\\mdu\\\\\ob\\\f000\0\eng\d
=024  8\$aGOVPUB-C13-e19e2766991596e210137ac5af7184dd
=035  \\$a(OCoLC)957470146
=040  \\$aNBS$beng$erda$cNBS$dOCLCO$dOCLCF$dOCLCQ
=086  0\$aC 13.38:2236
=100  1\$aGreenfield, Sidney H.
=245  10$aAccelerated durability tests of asphalt roof coatings, first draft /$cSidney H. Greenfield.
=264  \1$aGaithersburg, MD :$bU.S. Dept. of Commerce, National Institute of Standards and Technology,$c1953.
=300  \\$a1 online resource.
=336  \\$atext$btxt$2rdacontent
=337  \\$acomputer$bc$2rdamedia
=338  \\$aonline resource$bcr$2rdacarrier
=490  1\$aNBS report ;$v2236
=500  \\$a1953.
=500  \\$aContributed record: Metadata reviewed, not verified. Some fields updated by batch processes.
=500  \\$aTitle from PDF title page.
=504  \\$aIncludes bibliographical references.
=650  \0$aAsphalt.
=650  \0$aRoofing, Bituminous$xTesting.
=650  \0$aRoofing.
=650  \7$aAsphalt.$2fast$0(OCoLC)fst00818812
=650  \7$aRoofing, Bituminous$xTesting.$2fast$0(OCoLC)fst01100301
=650  \7$aRoofing.$2fast$0(OCoLC)fst01100272
=700  1\$aGreenfield, Sidney H.
=710  1\$aUnited States.$bNational Bureau of Standards.
=830  \0$aNBS report ;$v2236.
=856  4\$uhttps://dx.doi.org/10.6028/NBS.RPT.2236
=856  4\$zAddress at time of PURL creation$uhttps://www.govinfo.gov/content/pkg/GOVPUB-C13-e19e2766991596e210137ac5af7184dd/pdf/GOVPUB-C13-e19e2766991596e210137ac5af7184dd.pdf
=856  40$uhttps://purl.fdlp.gov/GPO/gpo104184
=049  \\$aGPOO
=922  \\$aBatch-processed
=922  \\$aNIST-1$b20180815

