=LDR  01594nam  2200409Ia 45e0
=001  001077218
=003  OCoLC
=005  20180711120935.0
=008  161006s1953\\\\mdu\\\\\ob\\\f000\0\eng\d
=024  8\$aGOVPUB-C13-e324663b58b6f47ca04224e790562a4e
=035  \\$a(OCoLC)959982867
=040  \\$aNBS$beng$erda$cNBS$dOCLCO$dOCLCQ
=086  0\$aC 13.38:2501
=100  1\$aHoffman, A.
=245  10$aComputational experience in solving linear programs /$cA. Hoffman, M. Mannos, D. Sokolowsky, N. Wiegmann.
=264  \1$aGaithersburg, MD :$bU.S. Dept. of Commerce, National Institute of Standards and Technology,$c1953.
=300  \\$a1 online resource.
=336  \\$atext$btxt$2rdacontent
=337  \\$acomputer$bc$2rdamedia
=338  \\$aonline resource$bcr$2rdacarrier
=490  1\$aNBS report ;$v2501
=500  \\$a1953.
=500  \\$aContributed record: Metadata reviewed, not verified. Some fields updated by batch processes.
=500  \\$aTitle from PDF title page.
=504  \\$aIncludes bibliographical references.
=700  1\$aHoffman, A.
=700  1\$aMannos, M.
=700  1\$aSokolowsky, D.
=700  1\$aWiegmann, N.
=710  1\$aUnited States.$bNational Bureau of Standards.
=830  \0$aNBS report ;$v2501.
=856  4\$uhttps://dx.doi.org/10.6028/NBS.RPT.2501
=856  4\$zAddress at time of PURL creation$uhttps://www.govinfo.gov/content/pkg/GOVPUB-C13-e324663b58b6f47ca04224e790562a4e/pdf/GOVPUB-C13-e324663b58b6f47ca04224e790562a4e.pdf
=856  40$uhttps://purl.fdlp.gov/GPO/gpo104259
=049  \\$aGPOO
=922  \\$aBatch-processed
=922  \\$aNIST-1$b20180815

