=LDR  01636nam  2200397Ia 45e0
=001  001076541
=003  OCoLC
=005  20180711120935.0
=008  161006s1953\\\\mdu\\\\\ob\\\f000\0\eng\d
=024  8\$aGOVPUB-C13-36b411ecfbfc05f44a6c623f0560b755
=035  \\$a(OCoLC)959982884
=040  \\$aNBS$beng$erda$cNBS$dOCLCO$dOCLCF$dOCLCQ
=086  0\$aC 13.38:2977
=100  1\$aHoffman, A. J.$q(Alan Jerome),$d1924-
=245  10$aOn an inequality of Hardy, Littlewood and Polya /$cA.J. Hoffman.
=264  \1$aGaithersburg, MD :$bU.S. Dept. of Commerce, National Institute of Standards and Technology,$c1953.
=300  \\$a1 online resource.
=336  \\$atext$btxt$2rdacontent
=337  \\$acomputer$bc$2rdamedia
=338  \\$aonline resource$bcr$2rdacarrier
=490  1\$aNBS report ;$v2977
=500  \\$a1953.
=500  \\$aContributed record: Metadata reviewed, not verified. Some fields updated by batch processes.
=500  \\$aTitle from PDF title page.
=504  \\$aIncludes bibliographical references.
=650  \0$aInequalities (Mathematics)
=650  \7$aInequalities (Mathematics)$2fast$0(OCoLC)fst00972020
=700  1\$aHoffman, A. J.$q(Alan Jerome),$d1924-
=710  1\$aUnited States.$bNational Bureau of Standards.
=830  \0$aNBS report ;$v2977.
=856  4\$uhttps://dx.doi.org/10.6028/NBS.RPT.2977
=856  4\$zAddress at time of PURL creation$uhttps://www.govinfo.gov/content/pkg/GOVPUB-C13-36b411ecfbfc05f44a6c623f0560b755/pdf/GOVPUB-C13-36b411ecfbfc05f44a6c623f0560b755.pdf
=856  40$uhttps://purl.fdlp.gov/GPO/gpo96647
=049  \\$aGPOO
=922  \\$aBatch-processed
=922  \\$aNIST-1$b20180815

