=LDR  01616nam  2200397Ia 45e0
=001  001076785
=003  OCoLC
=005  20180711120957.0
=008  161006s1953\\\\mdu\\\\\ob\\\f000\0\eng\d
=024  8\$aGOVPUB-C13-749f7e27fbb53b78b8bcb5cb2f8b3f26
=035  \\$a(OCoLC)959982592
=040  \\$aNBS$beng$erda$cNBS$dOCLCO$dOCLCQ
=086  0\$aC 13.38:2427
=100  1\$aJenkins, William D.
=245  10$aStress-rupture tests at 1350 degrees F on type 304 stainless steel /$cWilliam D. Jenkins, William A. Willard, William J. Youden.
=264  \1$aGaithersburg, MD :$bU.S. Dept. of Commerce, National Institute of Standards and Technology,$c1953.
=300  \\$a1 online resource.
=336  \\$atext$btxt$2rdacontent
=337  \\$acomputer$bc$2rdamedia
=338  \\$aonline resource$bcr$2rdacarrier
=490  1\$aNBS report ;$v2427
=500  \\$a1953.
=500  \\$aContributed record: Metadata reviewed, not verified. Some fields updated by batch processes.
=500  \\$aTitle from PDF title page.
=504  \\$aIncludes bibliographical references.
=700  1\$aJenkins, William D.
=700  1\$aWillard, William A.
=700  1\$aYouden, William J.
=710  1\$aUnited States.$bNational Bureau of Standards.
=830  \0$aNBS report ;$v2427.
=856  4\$uhttps://dx.doi.org/10.6028/NBS.RPT.2427
=856  4\$zAddress at time of PURL creation$uhttps://www.govinfo.gov/content/pkg/GOVPUB-C13-749f7e27fbb53b78b8bcb5cb2f8b3f26/pdf/GOVPUB-C13-749f7e27fbb53b78b8bcb5cb2f8b3f26.pdf
=856  40$uhttps://purl.fdlp.gov/GPO/gpo99364
=049  \\$aGPOO
=922  \\$aBatch-processed
=922  \\$aNIST-1$b20180815

