=LDR  01793nam  2200433Ia 45e0
=001  001076492
=003  OCoLC
=005  20180711120941.0
=008  160829s1953\\\\mdu\\\\\ob\\\f000\0\eng\d
=024  8\$aGOVPUB-C13-2bc45656b8ab85af37884003c4970864
=035  \\$a(OCoLC)957470147
=040  \\$aNBS$beng$erda$cNBS$dOCLCO$dOCLCF$dOCLCQ
=086  0\$aC 13.38:2238
=100  1\$aKarger, Henry.
=245  10$aPerformance of a York 3/4 HP window air conditioning unit, model 24-1 /$cHenry Karger, P.R. Achenbach.
=264  \1$aGaithersburg, MD :$bU.S. Dept. of Commerce, National Institute of Standards and Technology,$c1953.
=300  \\$a1 online resource.
=336  \\$atext$btxt$2rdacontent
=337  \\$acomputer$bc$2rdamedia
=338  \\$aonline resource$bcr$2rdacarrier
=490  1\$aNBS report ;$v2238
=500  \\$a1953.
=500  \\$aContributed record: Metadata reviewed, not verified. Some fields updated by batch processes.
=500  \\$aTitle from PDF title page.
=504  \\$aIncludes bibliographical references.
=650  \0$aAir conditioning$xEquipment and supplies.
=650  \0$aPerformance$xTesting.
=650  \7$aAir conditioning$xEquipment and supplies.$2fast$0(OCoLC)fst00802285
=650  \7$aPerformance$xTesting.$2fast$0(OCoLC)fst01057843
=700  1\$aAchenbach, P. R.
=700  1\$aKarger, Henry.
=710  1\$aUnited States.$bNational Bureau of Standards.
=830  \0$aNBS report ;$v2238.
=856  4\$uhttps://dx.doi.org/10.6028/NBS.RPT.2238
=856  4\$zAddress at time of PURL creation$uhttps://www.govinfo.gov/content/pkg/GOVPUB-C13-2bc45656b8ab85af37884003c4970864/pdf/GOVPUB-C13-2bc45656b8ab85af37884003c4970864.pdf
=856  40$uhttps://purl.fdlp.gov/GPO/gpo96175
=049  \\$aGPOO
=922  \\$aBatch-processed
=922  \\$aNIST-1$b20180815

