=LDR  01590nam  2200385Ia 45e0
=001  001076957
=003  OCoLC
=005  20180711120952.0
=008  160829s1953\\\\mdu\\\\\ob\\\f000\0\eng\d
=024  8\$aGOVPUB-C13-a73c5c5d1b6b0014aa989d3f88703c4c
=035  \\$a(OCoLC)957470795
=040  \\$aNBS$beng$erda$cNBS$dOCLCO$dOCLCQ
=086  0\$aC 13.38:2297
=100  1\$aKarger, Henry.
=245  10$aPerformance of a development model 3 HP console air conditioner for vans and prefabricated buildings /$cHenry Karger, P.R. Achenbach, P.R. Achenbach.
=264  \1$aGaithersburg, MD :$bU.S. Dept. of Commerce, National Institute of Standards and Technology,$c1953.
=300  \\$a1 online resource.
=336  \\$atext$btxt$2rdacontent
=337  \\$acomputer$bc$2rdamedia
=338  \\$aonline resource$bcr$2rdacarrier
=490  1\$aNBS report ;$v2297
=500  \\$a1953.
=500  \\$aContributed record: Metadata reviewed, not verified. Some fields updated by batch processes.
=500  \\$aTitle from PDF title page.
=504  \\$aIncludes bibliographical references.
=700  1\$aAchenbach, P. R.
=700  1\$aKarger, Henry.
=710  1\$aUnited States.$bNational Bureau of Standards.
=830  \0$aNBS report ;$v2297.
=856  4\$uhttps://dx.doi.org/10.6028/NBS.RPT.2297
=856  4\$zAddress at time of PURL creation$uhttps://www.govinfo.gov/content/pkg/GOVPUB-C13-a73c5c5d1b6b0014aa989d3f88703c4c/pdf/GOVPUB-C13-a73c5c5d1b6b0014aa989d3f88703c4c.pdf
=856  40$uhttps://purl.fdlp.gov/GPO/gpo101532
=049  \\$aGPOO
=922  \\$aBatch-processed
=922  \\$aNIST-1$b20180815

