=LDR  01615nam  2200397Ia 45e0
=001  001076966
=003  OCoLC
=005  20180711120941.0
=008  160829s1953\\\\mdu\\\\\ob\\\f000\0\eng\d
=024  8\$aGOVPUB-C13-a9edd5668aac8ec8f826603c6c6fa161
=035  \\$a(OCoLC)957470163
=040  \\$aNBS$beng$erda$cNBS$dOCLCO$dOCLCQ
=086  0\$aC 13.38:2450
=100  1\$aKarger, Henry.
=245  10$aProgress report Tests of refrigeration and miscellaneous equipment /$cHenry Karger, C.W. Phillips, P.R. Achenbach.
=264  \1$aGaithersburg, MD :$bU.S. Dept. of Commerce, National Institute of Standards and Technology,$c1953.
=300  \\$a1 online resource.
=336  \\$atext$btxt$2rdacontent
=337  \\$acomputer$bc$2rdamedia
=338  \\$aonline resource$bcr$2rdacarrier
=490  1\$aNBS report ;$v2450
=500  \\$a1953.
=500  \\$aContributed record: Metadata reviewed, not verified. Some fields updated by batch processes.
=500  \\$aTitle from PDF title page.
=504  \\$aIncludes bibliographical references.
=700  1\$aAchenbach, P. R.
=700  1\$aKarger, Henry.
=700  1\$aPhillips, C. W.$q(Clinton Woodward),$d1919-
=710  1\$aUnited States.$bNational Bureau of Standards.
=830  \0$aNBS report ;$v2450.
=856  4\$uhttps://dx.doi.org/10.6028/NBS.RPT.2450
=856  4\$zAddress at time of PURL creation$uhttps://www.govinfo.gov/content/pkg/GOVPUB-C13-a9edd5668aac8ec8f826603c6c6fa161/pdf/GOVPUB-C13-a9edd5668aac8ec8f826603c6c6fa161.pdf
=856  40$uhttps://purl.fdlp.gov/GPO/gpo101644
=049  \\$aGPOO
=922  \\$aBatch-processed
=922  \\$aNIST-1$b20180815

