=LDR  01815nam  2200457Ia 45e0
=001  001077137
=003  OCoLC
=005  20180711120941.0
=008  160829s1953\\\\mdu\\\\\ob\\\f000\0\eng\d
=024  8\$aGOVPUB-C13-d2d4dd45fdfa0bbc127f9086f8ff40a0
=035  \\$a(OCoLC)957470150
=040  \\$aNBS$beng$erda$cNBS$dOCLCO$dOCLCF$dOCLCQ
=086  0\$aC 13.38:2310
=100  1\$aLee, T. G.
=245  10$aExtinguishment efficiency of some powders on gasoline fires /$cT.G. Lee, H. Shoub.
=264  \1$aGaithersburg, MD :$bU.S. Dept. of Commerce, National Institute of Standards and Technology,$c1953.
=300  \\$a1 online resource.
=336  \\$atext$btxt$2rdacontent
=337  \\$acomputer$bc$2rdamedia
=338  \\$aonline resource$bcr$2rdacarrier
=490  1\$aNBS report ;$v2310
=500  \\$a1953.
=500  \\$aContributed record: Metadata reviewed, not verified. Some fields updated by batch processes.
=500  \\$aTitle from PDF title page.
=504  \\$aIncludes bibliographical references.
=650  \0$aFire extinction.
=650  \0$aFire extinguishing agents$xTesting.
=650  \0$aGasoline.
=650  \7$aFire extinction.$2fast$0(OCoLC)fst00925322
=650  \7$aFire extinguishing agents$xTesting.$2fast$0(OCoLC)fst00925378
=650  \7$aGasoline.$2fast$0(OCoLC)fst00938718
=700  1\$aLee, T. G.
=700  1\$aShoub, H.
=710  1\$aUnited States.$bNational Bureau of Standards.
=830  \0$aNBS report ;$v2310.
=856  4\$uhttps://dx.doi.org/10.6028/NBS.RPT.2310
=856  4\$zAddress at time of PURL creation$uhttps://www.govinfo.gov/content/pkg/GOVPUB-C13-d2d4dd45fdfa0bbc127f9086f8ff40a0/pdf/GOVPUB-C13-d2d4dd45fdfa0bbc127f9086f8ff40a0.pdf
=856  40$uhttps://purl.fdlp.gov/GPO/gpo103315
=049  \\$aGPOO
=922  \\$aBatch-processed
=922  \\$aNIST-1$b20180815

