=LDR  01735nam  2200421Ia 45e0
=001  001077231
=003  OCoLC
=005  20180711120935.0
=008  161006s1953\\\\mdu\\\\\ob\\\f000\0\eng\d
=024  8\$aGOVPUB-C13-e9b9829af9628bbb602b53bb7fc8a34b
=035  \\$a(OCoLC)959982864
=040  \\$aNBS$beng$erda$cNBS$dOCLCO$dOCLCF$dOCLCQ
=086  0\$aC 13.38:2355
=100  1\$aLieblein, Julius.
=245  12$aA historical note on the application of the "weakest-link" idea to tensile strengths /$cJulius Lieblein.
=264  \1$aGaithersburg, MD :$bU.S. Dept. of Commerce, National Institute of Standards and Technology,$c1953.
=300  \\$a1 online resource.
=336  \\$atext$btxt$2rdacontent
=337  \\$acomputer$bc$2rdamedia
=338  \\$aonline resource$bcr$2rdacarrier
=490  1\$aNBS report ;$v2355
=500  \\$a1953.
=500  \\$aContributed record: Metadata reviewed, not verified. Some fields updated by batch processes.
=500  \\$aTitle from PDF title page.
=504  \\$aIncludes bibliographical references.
=650  \0$aStrength of materials.
=650  \0$aVariational principles.
=650  \7$aStrength of materials.$2fast$0(OCoLC)fst01134837
=650  \7$aVariational principles.$2fast$0(OCoLC)fst01164195
=700  1\$aLieblein, Julius.
=710  1\$aUnited States.$bNational Bureau of Standards.
=830  \0$aNBS report ;$v2355.
=856  4\$uhttps://dx.doi.org/10.6028/NBS.RPT.2355
=856  4\$zAddress at time of PURL creation$uhttps://www.govinfo.gov/content/pkg/GOVPUB-C13-e9b9829af9628bbb602b53bb7fc8a34b/pdf/GOVPUB-C13-e9b9829af9628bbb602b53bb7fc8a34b.pdf
=856  40$uhttps://purl.fdlp.gov/GPO/gpo104529
=049  \\$aGPOO
=922  \\$aBatch-processed
=922  \\$aNIST-1$b20180815

