=LDR  01547nam  2200385Ia 45e0
=001  001076690
=003  OCoLC
=005  20180711120935.0
=008  161006s1953\\\\mdu\\\\\ob\\\f000\0\eng\d
=024  8\$aGOVPUB-C13-5ac99216f9c57a615ce3a2d999eea2ea
=035  \\$a(OCoLC)959982873
=040  \\$aNBS$beng$erda$cNBS$dOCLCO$dOCLCQ
=086  0\$aC 13.38:2545
=100  1\$aLukacs, Eugene.
=245  12$aA property of the normal distribution related to a theorem of S. Bernstein /$cEugene Lukacs, Edgar P. King.
=264  \1$aGaithersburg, MD :$bU.S. Dept. of Commerce, National Institute of Standards and Technology,$c1953.
=300  \\$a1 online resource.
=336  \\$atext$btxt$2rdacontent
=337  \\$acomputer$bc$2rdamedia
=338  \\$aonline resource$bcr$2rdacarrier
=490  1\$aNBS report ;$v2545
=500  \\$a1953.
=500  \\$aContributed record: Metadata reviewed, not verified. Some fields updated by batch processes.
=500  \\$aTitle from PDF title page.
=504  \\$aIncludes bibliographical references.
=700  1\$aKing, Edgar P.
=700  1\$aLukacs, Eugene.
=710  1\$aUnited States.$bNational Bureau of Standards.
=830  \0$aNBS report ;$v2545.
=856  4\$uhttps://dx.doi.org/10.6028/NBS.RPT.2545
=856  4\$zAddress at time of PURL creation$uhttps://www.govinfo.gov/content/pkg/GOVPUB-C13-5ac99216f9c57a615ce3a2d999eea2ea/pdf/GOVPUB-C13-5ac99216f9c57a615ce3a2d999eea2ea.pdf
=856  40$uhttps://purl.fdlp.gov/GPO/gpo98346
=049  \\$aGPOO
=922  \\$aBatch-processed
=922  \\$aNIST-1$b20180815

