=LDR  01538nam  2200385Ia 45e0
=001  001076763
=003  OCoLC
=005  20180711120942.0
=008  160829s1953\\\\mdu\\\\\ob\\\f000\0\eng\d
=024  8\$aGOVPUB-C13-6f4f451a356f870b5f74b736d245f205
=035  \\$a(OCoLC)957470191
=040  \\$aNBS$beng$erda$cNBS$dOCLCO$dOCLCQ
=086  0\$aC 13.38:2795
=100  1\$aMcDorman, O. N.
=245  10$aIndustrial Radiant Heater Corporation electric map heater /$cO.N. McDorman, Paul R. Achenbach.
=264  \1$aGaithersburg, MD :$bU.S. Dept. of Commerce, National Institute of Standards and Technology,$c1953.
=300  \\$a1 online resource.
=336  \\$atext$btxt$2rdacontent
=337  \\$acomputer$bc$2rdamedia
=338  \\$aonline resource$bcr$2rdacarrier
=490  1\$aNBS report ;$v2795
=500  \\$a1953.
=500  \\$aContributed record: Metadata reviewed, not verified. Some fields updated by batch processes.
=500  \\$aTitle from PDF title page.
=504  \\$aIncludes bibliographical references.
=700  1\$aAchenbach, Paul R.
=700  1\$aMcDorman, O. N.
=710  1\$aUnited States.$bNational Bureau of Standards.
=830  \0$aNBS report ;$v2795.
=856  4\$uhttps://dx.doi.org/10.6028/NBS.RPT.2795
=856  4\$zAddress at time of PURL creation$uhttps://www.govinfo.gov/content/pkg/GOVPUB-C13-6f4f451a356f870b5f74b736d245f205/pdf/GOVPUB-C13-6f4f451a356f870b5f74b736d245f205.pdf
=856  40$uhttps://purl.fdlp.gov/GPO/gpo99149
=049  \\$aGPOO
=922  \\$aBatch-processed
=922  \\$aNIST-1$b20180815

