=LDR  01635nam  2200409Ia 45e0
=001  001076932
=003  OCoLC
=005  20180711120941.0
=008  160829s1953\\\\mdu\\\\\ob\\\f000\0\eng\d
=024  8\$aGOVPUB-C13-a11121cc8a97a8d031a491e24685de49
=035  \\$a(OCoLC)957470171
=040  \\$aNBS$beng$erda$cNBS$dOCLCO$dOCLCF$dOCLCQ
=086  0\$aC 13.38:2541
=100  1\$aMcDorman, O. N.
=245  10$aSimulated use tests of substitute duct materials /$cO.N. McDorman, Paul R. Achenbach.
=264  \1$aGaithersburg, MD :$bU.S. Dept. of Commerce, National Institute of Standards and Technology,$c1953.
=300  \\$a1 online resource.
=336  \\$atext$btxt$2rdacontent
=337  \\$acomputer$bc$2rdamedia
=338  \\$aonline resource$bcr$2rdacarrier
=490  1\$aNBS report ;$v2541
=500  \\$a1953.
=500  \\$aContributed record: Metadata reviewed, not verified. Some fields updated by batch processes.
=500  \\$aTitle from PDF title page.
=504  \\$aIncludes bibliographical references.
=650  \0$aAir ducts$xTesting.
=650  \7$aAir ducts$xTesting.$2fast$0(OCoLC)fst00802362
=700  1\$aAchenbach, Paul R.
=700  1\$aMcDorman, O. N.
=710  1\$aUnited States.$bNational Bureau of Standards.
=830  \0$aNBS report ;$v2541.
=856  4\$uhttps://dx.doi.org/10.6028/NBS.RPT.2541
=856  4\$zAddress at time of PURL creation$uhttps://www.govinfo.gov/content/pkg/GOVPUB-C13-a11121cc8a97a8d031a491e24685de49/pdf/GOVPUB-C13-a11121cc8a97a8d031a491e24685de49.pdf
=856  40$uhttps://purl.fdlp.gov/GPO/gpo101273
=049  \\$aGPOO
=922  \\$aBatch-processed
=922  \\$aNIST-1$b20180815

