=LDR  01701nam  2200433Ia 45e0
=001  001076797
=003  OCoLC
=005  20180711120941.0
=008  160829s1953\\\\mdu\\\\\ob\\\f000\0\eng\d
=024  8\$aGOVPUB-C13-775a808373314879395a2cbb0a210fc2
=035  \\$a(OCoLC)957470135
=040  \\$aNBS$beng$erda$cNBS$dOCLCO$dOCLCF$dOCLCQ
=086  0\$aC 13.38:2251
=100  1\$aMartin, H. R.
=245  10$aEvaluation of thermoscreen type NAX-1-46 /$cH.R. Martin, R.S. Dill.
=264  \1$aGaithersburg, MD :$bU.S. Dept. of Commerce, National Institute of Standards and Technology,$c1953.
=300  \\$a1 online resource.
=336  \\$atext$btxt$2rdacontent
=337  \\$acomputer$bc$2rdamedia
=338  \\$aonline resource$bcr$2rdacarrier
=490  1\$aNBS report ;$v2251
=500  \\$a1953.
=500  \\$aContributed record: Metadata reviewed, not verified. Some fields updated by batch processes.
=500  \\$aTitle from PDF title page.
=504  \\$aIncludes bibliographical references.
=650  \0$aAir$xThermal properties.
=650  \0$aThermography.
=650  \7$aAir$xThermal properties.$2fast$0(OCoLC)fst00802201
=650  \7$aThermography.$2fast$0(OCoLC)fst01149868
=700  1\$aDill, R. S.
=700  1\$aMartin, H. R.
=710  1\$aUnited States.$bNational Bureau of Standards.
=830  \0$aNBS report ;$v2251.
=856  4\$uhttps://dx.doi.org/10.6028/NBS.RPT.2251
=856  4\$zAddress at time of PURL creation$uhttps://www.govinfo.gov/content/pkg/GOVPUB-C13-775a808373314879395a2cbb0a210fc2/pdf/GOVPUB-C13-775a808373314879395a2cbb0a210fc2.pdf
=856  40$uhttps://purl.fdlp.gov/GPO/gpo99484
=049  \\$aGPOO
=922  \\$aBatch-processed
=922  \\$aNIST-1$b20180815

