=LDR  01671nam  2200397Ia 45e0
=001  001076833
=003  OCoLC
=005  20180711120942.0
=008  160829s1953\\\\mdu\\\\\ob\\\f000\0\eng\d
=024  8\$aGOVPUB-C13-8231f51305e7d33056faa73c80280ef5
=035  \\$a(OCoLC)957470175
=040  \\$aNBS$beng$erda$cNBS$dOCLCO$dOCLCF$dOCLCQ
=086  0\$aC 13.38:2585
=100  1\$aMitchell, Nolan D.
=245  10$aInspection of plaster work at Alaska native service hospital and tests for quality and characteristics of plaster materials :$breport /$cNolan D. Mitchell.
=264  \1$aGaithersburg, MD :$bU.S. Dept. of Commerce, National Institute of Standards and Technology,$c1953.
=300  \\$a1 online resource.
=336  \\$atext$btxt$2rdacontent
=337  \\$acomputer$bc$2rdamedia
=338  \\$aonline resource$bcr$2rdacarrier
=490  1\$aNBS report ;$v2585
=500  \\$a1953.
=500  \\$aContributed record: Metadata reviewed, not verified. Some fields updated by batch processes.
=500  \\$aTitle from PDF title page.
=504  \\$aIncludes bibliographical references.
=650  \0$aPlaster$xTesting.
=650  \7$aPlaster$xTesting.$2fast$0(OCoLC)fst01066412
=700  1\$aMitchell, Nolan D.
=710  1\$aUnited States.$bNational Bureau of Standards.
=830  \0$aNBS report ;$v2585.
=856  4\$uhttps://dx.doi.org/10.6028/NBS.RPT.2585
=856  4\$zAddress at time of PURL creation$uhttps://www.govinfo.gov/content/pkg/GOVPUB-C13-8231f51305e7d33056faa73c80280ef5/pdf/GOVPUB-C13-8231f51305e7d33056faa73c80280ef5.pdf
=856  40$uhttps://purl.fdlp.gov/GPO/gpo99900
=049  \\$aGPOO
=922  \\$aBatch-processed
=922  \\$aNIST-1$b20180815

