=LDR  01553nam  2200385Ia 45e0
=001  001076405
=003  OCoLC
=005  20180711120940.0
=008  160829s1953\\\\mdu\\\\\ob\\\f000\0\eng\d
=024  8\$aGOVPUB-C13-175e125def247588ba7c574add747fe5
=035  \\$a(OCoLC)957470039
=040  \\$aNBS$beng$erda$cNBS$dOCLCO$dOCLCQ
=086  0\$aC 13.38:2163
=100  1\$aOglio, Edward R.
=245  10$aMoisture-resistant coatings for walls of structures used for storage /$cEdward R. Oglio, William C. Cullen.
=264  \1$aGaithersburg, MD :$bU.S. Dept. of Commerce, National Institute of Standards and Technology,$c1953.
=300  \\$a1 online resource.
=336  \\$atext$btxt$2rdacontent
=337  \\$acomputer$bc$2rdamedia
=338  \\$aonline resource$bcr$2rdacarrier
=490  1\$aNBS report ;$v2163
=500  \\$a1953.
=500  \\$aContributed record: Metadata reviewed, not verified. Some fields updated by batch processes.
=500  \\$aTitle from PDF title page.
=504  \\$aIncludes bibliographical references.
=700  1\$aCullen, William C.
=700  1\$aOglio, Edward R.
=710  1\$aUnited States.$bNational Bureau of Standards.
=830  \0$aNBS report ;$v2163.
=856  4\$uhttps://dx.doi.org/10.6028/NBS.RPT.2163
=856  4\$zAddress at time of PURL creation$uhttps://www.govinfo.gov/content/pkg/GOVPUB-C13-175e125def247588ba7c574add747fe5/pdf/GOVPUB-C13-175e125def247588ba7c574add747fe5.pdf
=856  40$uhttps://purl.fdlp.gov/GPO/gpo95424
=049  \\$aGPOO
=922  \\$aBatch-processed
=922  \\$aNIST-1$b20180815

