=LDR  01718nam  2200433Ia 45e0
=001  001077115
=003  OCoLC
=005  20180711120934.0
=008  160829s1953\\\\mdu\\\\\ob\\\f000\0\eng\d
=024  8\$aGOVPUB-C13-cdb23c6303f180ee823c9f0f3e81f1ea
=035  \\$a(OCoLC)957470137
=040  \\$aNBS$beng$erda$cNBS$dOCLCO$dOCLCF$dOCLCQ
=086  0\$aC 13.38:2281
=100  1\$aPark, John H.
=245  10$aCathode-ray-oscillograph beam intensification /$cJohn H. Park, H.N. Cones.
=264  \1$aGaithersburg, MD :$bU.S. Dept. of Commerce, National Institute of Standards and Technology,$c1953.
=300  \\$a1 online resource.
=336  \\$atext$btxt$2rdacontent
=337  \\$acomputer$bc$2rdamedia
=338  \\$aonline resource$bcr$2rdacarrier
=490  1\$aNBS report ;$v2281
=500  \\$a1953.
=500  \\$aContributed record: Metadata reviewed, not verified. Some fields updated by batch processes.
=500  \\$aTitle from PDF title page.
=504  \\$aIncludes bibliographical references.
=650  \0$aCathode ray oscillographs.
=650  \0$aElectron beams.
=650  \7$aCathode ray oscillographs.$2fast$0(OCoLC)fst00849100
=650  \7$aElectron beams.$2fast$0(OCoLC)fst00906654
=700  1\$aCones, H. N.
=700  1\$aPark, John H.
=710  1\$aUnited States.$bNational Bureau of Standards.
=830  \0$aNBS report ;$v2281.
=856  4\$uhttps://dx.doi.org/10.6028/NBS.RPT.2281
=856  4\$zAddress at time of PURL creation$uhttps://www.govinfo.gov/content/pkg/GOVPUB-C13-cdb23c6303f180ee823c9f0f3e81f1ea/pdf/GOVPUB-C13-cdb23c6303f180ee823c9f0f3e81f1ea.pdf
=856  40$uhttps://purl.fdlp.gov/GPO/gpo103116
=049  \\$aGPOO
=922  \\$aBatch-processed
=922  \\$aNIST-1$b20180815

