=LDR  01725nam  2200421Ia 45e0
=001  001076638
=003  OCoLC
=005  20180711120941.0
=008  160829s1953\\\\mdu\\\\\ob\\\f000\0\eng\d
=024  8\$aGOVPUB-C13-4d3e2b8a19176bae4fe54d27783bbb1c
=035  \\$a(OCoLC)957470172
=040  \\$aNBS$beng$erda$cNBS$dOCLCO$dOCLCF$dOCLCQ
=086  0\$aC 13.38:2546
=100  1\$aPeavy, B. A.
=245  10$aAir conditioning in underground structures :$bprogress report November 1, 1952 to April 30, 1953 /$cB.A. Peavy.
=264  \1$aGaithersburg, MD :$bU.S. Dept. of Commerce, National Institute of Standards and Technology,$c1953.
=300  \\$a1 online resource.
=336  \\$atext$btxt$2rdacontent
=337  \\$acomputer$bc$2rdamedia
=338  \\$aonline resource$bcr$2rdacarrier
=490  1\$aNBS report ;$v2546
=500  \\$a1953.
=500  \\$aContributed record: Metadata reviewed, not verified. Some fields updated by batch processes.
=500  \\$aTitle from PDF title page.
=504  \\$aIncludes bibliographical references.
=650  \0$aAir conditioning.
=650  \0$aUnderground construction.
=650  \7$aAir conditioning.$2fast$0(OCoLC)fst00802264
=650  \7$aUnderground construction.$2fast$0(OCoLC)fst01160913
=700  1\$aPeavy, B. A.
=710  1\$aUnited States.$bNational Bureau of Standards.
=830  \0$aNBS report ;$v2546.
=856  4\$uhttps://dx.doi.org/10.6028/NBS.RPT.2546
=856  4\$zAddress at time of PURL creation$uhttps://www.govinfo.gov/content/pkg/GOVPUB-C13-4d3e2b8a19176bae4fe54d27783bbb1c/pdf/GOVPUB-C13-4d3e2b8a19176bae4fe54d27783bbb1c.pdf
=856  40$uhttps://purl.fdlp.gov/GPO/gpo97702
=049  \\$aGPOO
=922  \\$aBatch-processed
=922  \\$aNIST-1$b20180815

