=LDR  01611nam  2200397Ia 45e0
=001  001076467
=003  OCoLC
=005  20180711120942.0
=008  160829s1953\\\\mdu\\\\\ob\\\f000\0\eng\d
=024  8\$aGOVPUB-C13-266985d265535fe599e7e8fa35b0cfb6
=035  \\$a(OCoLC)957470196
=040  \\$aNBS$beng$erda$cNBS$dOCLCO$dOCLCQ
=086  0\$aC 13.38:2810
=100  1\$aPhillips, C. W.$q(Clinton Woodward),$d1919-
=245  10$aShipping containers for whole blood /$cC.W. Phillips, P.R. Achenbach.
=264  \1$aGaithersburg, MD :$bU.S. Dept. of Commerce, National Institute of Standards and Technology,$c1953.
=300  \\$a1 online resource.
=336  \\$atext$btxt$2rdacontent
=337  \\$acomputer$bc$2rdamedia
=338  \\$aonline resource$bcr$2rdacarrier
=490  1\$aNBS report ;$v2810
=500  \\$a1953.
=500  \\$aContributed record: Metadata reviewed, not verified. Some fields updated by batch processes.
=500  \\$aTitle from PDF title page.
=504  \\$aIncludes bibliographical references.
=650  \0$aBlood$xTemperature control.
=700  1\$aAchenbach, P. R.
=700  1\$aPhillips, C. W.$q(Clinton Woodward),$d1919-
=710  1\$aUnited States.$bNational Bureau of Standards.
=830  \0$aNBS report ;$v2810.
=856  4\$uhttps://dx.doi.org/10.6028/NBS.RPT.2810
=856  4\$zAddress at time of PURL creation$uhttps://www.govinfo.gov/content/pkg/GOVPUB-C13-266985d265535fe599e7e8fa35b0cfb6/pdf/GOVPUB-C13-266985d265535fe599e7e8fa35b0cfb6.pdf
=856  40$uhttps://purl.fdlp.gov/GPO/gpo95901
=049  \\$aGPOO
=922  \\$aBatch-processed
=922  \\$aNIST-1$b20180815

