=LDR  01665nam  2200397Ia 45e0
=001  001076804
=003  OCoLC
=005  20180711120940.0
=008  160829s1953\\\\mdu\\\\\ob\\\f000\0\eng\d
=024  8\$aGOVPUB-C13-7906db083dff68183e331781b6aeab0f
=035  \\$a(OCoLC)957470042
=040  \\$aNBS$beng$erda$cNBS$dOCLCO$dOCLCQ
=086  0\$aC 13.38:2213
=100  1\$aPhillips, C. W.$q(Clinton Woodward),$d1919-
=245  10$aProgress report July 1 to December 31, 1952 on refrigeration and miscellaneous equipment /$cC.W. Phillips, Henry Karger, P.R. Achenbach.
=264  \1$aGaithersburg, MD :$bU.S. Dept. of Commerce, National Institute of Standards and Technology,$c1953.
=300  \\$a1 online resource.
=336  \\$atext$btxt$2rdacontent
=337  \\$acomputer$bc$2rdamedia
=338  \\$aonline resource$bcr$2rdacarrier
=490  1\$aNBS report ;$v2213
=500  \\$a1953.
=500  \\$aContributed record: Metadata reviewed, not verified. Some fields updated by batch processes.
=500  \\$aTitle from PDF title page.
=504  \\$aIncludes bibliographical references.
=700  1\$aAchenbach, P. R.
=700  1\$aKarger, Henry.
=700  1\$aPhillips, C. W.$q(Clinton Woodward),$d1919-
=710  1\$aUnited States.$bNational Bureau of Standards.
=830  \0$aNBS report ;$v2213.
=856  4\$uhttps://dx.doi.org/10.6028/NBS.RPT.2213
=856  4\$zAddress at time of PURL creation$uhttps://www.govinfo.gov/content/pkg/GOVPUB-C13-7906db083dff68183e331781b6aeab0f/pdf/GOVPUB-C13-7906db083dff68183e331781b6aeab0f.pdf
=856  40$uhttps://purl.fdlp.gov/GPO/gpo99559
=049  \\$aGPOO
=922  \\$aBatch-processed
=922  \\$aNIST-1$b20180815

