=LDR  01773nam  2200421Ia 45e0
=001  001076437
=003  OCoLC
=005  20180711120941.0
=008  160829s1953\\\\mdu\\\\\ob\\\f000\0\eng\d
=024  8\$aGOVPUB-C13-1eb5ed7d75feb676f80158fcf689906a
=035  \\$a(OCoLC)957470162
=040  \\$aNBS$beng$erda$cNBS$dOCLCO$dOCLCF$dOCLCQ
=086  0\$aC 13.38:2449
=100  1\$aPowlitch, F. J.,$cJr.
=245  10$aProgress report on water-vapor transmission in refrigerated warehouses January 1 to March 31, 1953 /$cF.J. Powlitch Jr.
=264  \1$aGaithersburg, MD :$bU.S. Dept. of Commerce, National Institute of Standards and Technology,$c1953.
=300  \\$a1 online resource.
=336  \\$atext$btxt$2rdacontent
=337  \\$acomputer$bc$2rdamedia
=338  \\$aonline resource$bcr$2rdacarrier
=490  1\$aNBS report ;$v2449
=500  \\$a1953.
=500  \\$aContributed record: Metadata reviewed, not verified. Some fields updated by batch processes.
=500  \\$aTitle from PDF title page.
=504  \\$aIncludes bibliographical references.
=650  \0$aRefrigeration and refrigerating machinery.
=650  \0$aWarehouses.
=650  \7$aRefrigeration and refrigerating machinery.$2fast$0(OCoLC)fst01092714
=650  \7$aWarehouses.$2fast$0(OCoLC)fst01170760
=700  1\$aPowlitch, F. J.,$cJr.
=710  1\$aUnited States.$bNational Bureau of Standards.
=830  \0$aNBS report ;$v2449.
=856  4\$uhttps://dx.doi.org/10.6028/NBS.RPT.2449
=856  4\$zAddress at time of PURL creation$uhttps://www.govinfo.gov/content/pkg/GOVPUB-C13-1eb5ed7d75feb676f80158fcf689906a/pdf/GOVPUB-C13-1eb5ed7d75feb676f80158fcf689906a.pdf
=856  40$uhttps://purl.fdlp.gov/GPO/gpo95603
=049  \\$aGPOO
=922  \\$aBatch-processed
=922  \\$aNIST-1$b20180815

