=LDR  01814nam  2200433Ia 45e0
=001  001076478
=003  OCoLC
=005  20180711120942.0
=008  160829s1953\\\\mdu\\\\\ob\\\f000\0\eng\d
=024  8\$aGOVPUB-C13-2858b37661c857475604c20e369065de
=035  \\$a(OCoLC)957470179
=040  \\$aNBS$beng$erda$cNBS$dOCLCO$dOCLCF$dOCLCQ
=086  0\$aC 13.38:2665
=100  1\$aPowlitch, F. J.,$cJr.
=245  10$aWater vapor transmission in refrigerated :$bprogress report April 1 to June 30, 1953 /$cF.J. Powlitch Jr., Henry E. Robinson.
=264  \1$aGaithersburg, MD :$bU.S. Dept. of Commerce, National Institute of Standards and Technology,$c1953.
=300  \\$a1 online resource.
=336  \\$atext$btxt$2rdacontent
=337  \\$acomputer$bc$2rdamedia
=338  \\$aonline resource$bcr$2rdacarrier
=490  1\$aNBS report ;$v2665
=500  \\$a1953.
=500  \\$aContributed record: Metadata reviewed, not verified. Some fields updated by batch processes.
=500  \\$aTitle from PDF title page.
=504  \\$aIncludes bibliographical references.
=650  \0$aRefrigeration and refrigerating machinery.
=650  \0$aWarehouses.
=650  \7$aRefrigeration and refrigerating machinery.$2fast$0(OCoLC)fst01092714
=650  \7$aWarehouses.$2fast$0(OCoLC)fst01170760
=700  1\$aPowlitch, F. J.,$cJr.
=700  1\$aRobinson, Henry E.
=710  1\$aUnited States.$bNational Bureau of Standards.
=830  \0$aNBS report ;$v2665.
=856  4\$uhttps://dx.doi.org/10.6028/NBS.RPT.2665
=856  4\$zAddress at time of PURL creation$uhttps://www.govinfo.gov/content/pkg/GOVPUB-C13-2858b37661c857475604c20e369065de/pdf/GOVPUB-C13-2858b37661c857475604c20e369065de.pdf
=856  40$uhttps://purl.fdlp.gov/GPO/gpo96085
=049  \\$aGPOO
=922  \\$aBatch-processed
=922  \\$aNIST-1$b20180815

