=LDR  01774nam  2200421Ia 45e0
=001  001077309
=003  OCoLC
=005  20180711120940.0
=008  160829s1953\\\\mdu\\\\\ob\\\f000\0\eng\d
=024  8\$aGOVPUB-C13-ff589067f89de6db436264fff080469c
=035  \\$a(OCoLC)957470053
=040  \\$aNBS$beng$erda$cNBS$dOCLCO$dOCLCF$dOCLCQ
=086  0\$aC 13.38:2228
=100  1\$aPowlitch, F. J.,$cJr.
=245  10$aProgress report on water-vapor transmission in refrigerated warehouses October 1 to December 31, 1952 /$cF.J. Powlitch.
=264  \1$aGaithersburg, MD :$bU.S. Dept. of Commerce, National Institute of Standards and Technology,$c1953.
=300  \\$a1 online resource.
=336  \\$atext$btxt$2rdacontent
=337  \\$acomputer$bc$2rdamedia
=338  \\$aonline resource$bcr$2rdacarrier
=490  1\$aNBS report ;$v2228
=500  \\$a1953.
=500  \\$aContributed record: Metadata reviewed, not verified. Some fields updated by batch processes.
=500  \\$aTitle from PDF title page.
=504  \\$aIncludes bibliographical references.
=650  \0$aRefrigeration and refrigerating machinery.
=650  \0$aWarehouses.
=650  \7$aRefrigeration and refrigerating machinery.$2fast$0(OCoLC)fst01092714
=650  \7$aWarehouses.$2fast$0(OCoLC)fst01170760
=700  1\$aPowlitch, F. J.,$cJr.
=710  1\$aUnited States.$bNational Bureau of Standards.
=830  \0$aNBS report ;$v2228.
=856  4\$uhttps://dx.doi.org/10.6028/NBS.RPT.2228
=856  4\$zAddress at time of PURL creation$uhttps://www.govinfo.gov/content/pkg/GOVPUB-C13-ff589067f89de6db436264fff080469c/pdf/GOVPUB-C13-ff589067f89de6db436264fff080469c.pdf
=856  40$uhttps://purl.fdlp.gov/GPO/gpo105409
=049  \\$aGPOO
=922  \\$aBatch-processed
=922  \\$aNIST-1$b20180815

