=LDR  01717nam  2200433Ia 45e0
=001  001076528
=003  OCoLC
=005  20180711120941.0
=008  160829s1953\\\\mdu\\\\\ob\\\f000\0\eng\d
=024  8\$aGOVPUB-C13-341f02b2e6932c6aa5e6e8e6fc1c6f99
=035  \\$a(OCoLC)957470134
=040  \\$aNBS$beng$erda$cNBS$dOCLCO$dOCLCF$dOCLCQ
=086  0\$aC 13.38:2244
=100  1\$aRobertson, A. F.
=245  13$aAn apparatus for the study of adiabatic self-heating of solids and liquids /$cA.F. Robertson, W. Raskin.
=264  \1$aGaithersburg, MD :$bU.S. Dept. of Commerce, National Institute of Standards and Technology,$c1953.
=300  \\$a1 online resource.
=336  \\$atext$btxt$2rdacontent
=337  \\$acomputer$bc$2rdamedia
=338  \\$aonline resource$bcr$2rdacarrier
=490  1\$aNBS report ;$v2244
=500  \\$a1953.
=500  \\$aContributed record: Metadata reviewed, not verified. Some fields updated by batch processes.
=500  \\$aTitle from PDF title page.
=504  \\$aIncludes bibliographical references.
=650  \0$aFurnaces.
=650  \0$aThermodynamics.
=650  \7$aFurnaces.$2fast$0(OCoLC)fst00936452
=650  \7$aThermodynamics.$2fast$0(OCoLC)fst01149832
=700  1\$aRaskin, W.
=700  1\$aRobertson, A. F.
=710  1\$aUnited States.$bNational Bureau of Standards.
=830  \0$aNBS report ;$v2244.
=856  4\$uhttps://dx.doi.org/10.6028/NBS.RPT.2244
=856  4\$zAddress at time of PURL creation$uhttps://www.govinfo.gov/content/pkg/GOVPUB-C13-341f02b2e6932c6aa5e6e8e6fc1c6f99/pdf/GOVPUB-C13-341f02b2e6932c6aa5e6e8e6fc1c6f99.pdf
=856  40$uhttps://purl.fdlp.gov/GPO/gpo96572
=049  \\$aGPOO
=922  \\$aBatch-processed
=922  \\$aNIST-1$b20180815

