=LDR  01628nam  2200397Ia 45e0
=001  001076712
=003  OCoLC
=005  20180711120942.0
=008  160829s1953\\\\mdu\\\\\ob\\\f000\0\eng\d
=024  8\$aGOVPUB-C13-6113e87e85b38c84f2a90e3a5f4df64e
=035  \\$a(OCoLC)957470181
=040  \\$aNBS$beng$erda$cNBS$dOCLCO$dOCLCF$dOCLCQ
=086  0\$aC 13.38:2699
=100  1\$aRobinson, Henry E.
=245  10$aPerformance tests of cleanable impingement type air filters type EWA and type EWAP /$cHenry E. Robinson.
=264  \1$aGaithersburg, MD :$bU.S. Dept. of Commerce, National Institute of Standards and Technology,$c1953.
=300  \\$a1 online resource.
=336  \\$atext$btxt$2rdacontent
=337  \\$acomputer$bc$2rdamedia
=338  \\$aonline resource$bcr$2rdacarrier
=490  1\$aNBS report ;$v2699
=500  \\$a1953.
=500  \\$aContributed record: Metadata reviewed, not verified. Some fields updated by batch processes.
=500  \\$aTitle from PDF title page.
=504  \\$aIncludes bibliographical references.
=650  \0$aAir filters$xTesting.
=650  \7$aAir filters$xTesting.$2fast$0(OCoLC)fst00802369
=700  1\$aRobinson, Henry E.
=710  1\$aUnited States.$bNational Bureau of Standards.
=830  \0$aNBS report ;$v2699.
=856  4\$uhttps://dx.doi.org/10.6028/NBS.RPT.2699
=856  4\$zAddress at time of PURL creation$uhttps://www.govinfo.gov/content/pkg/GOVPUB-C13-6113e87e85b38c84f2a90e3a5f4df64e/pdf/GOVPUB-C13-6113e87e85b38c84f2a90e3a5f4df64e.pdf
=856  40$uhttps://purl.fdlp.gov/GPO/gpo98610
=049  \\$aGPOO
=922  \\$aBatch-processed
=922  \\$aNIST-1$b20180815

