=LDR  01669nam  2200409Ia 45e0
=001  001076923
=003  OCoLC
=005  20180711120939.0
=008  160829s1953\\\\mdu\\\\\ob\\\f000\0\eng\d
=024  8\$aGOVPUB-C13-9e19a303bb0b9711ec48e78fff6c0739
=035  \\$a(OCoLC)957469241
=040  \\$aNBS$beng$erda$cNBS$dOCLCO$dOCLCF$dOCLCQ
=086  0\$aC 13.38:2846
=100  1\$aRobinson, Henry E.
=245  10$aPerformance tests of cleanable impingement-type air filters (type 44G) /$cHenry E. Robinson, Thomas W. Watson.
=264  \1$aGaithersburg, MD :$bU.S. Dept. of Commerce, National Institute of Standards and Technology,$c1953.
=300  \\$a1 online resource.
=336  \\$atext$btxt$2rdacontent
=337  \\$acomputer$bc$2rdamedia
=338  \\$aonline resource$bcr$2rdacarrier
=490  1\$aNBS report ;$v2846
=500  \\$a1953.
=500  \\$aContributed record: Metadata reviewed, not verified. Some fields updated by batch processes.
=500  \\$aTitle from PDF title page.
=504  \\$aIncludes bibliographical references.
=650  \0$aAir filters$xTesting.
=650  \7$aAir filters$xTesting.$2fast$0(OCoLC)fst00802369
=700  1\$aRobinson, Henry E.
=700  1\$aWatson, Thomas W.
=710  1\$aUnited States.$bNational Bureau of Standards.
=830  \0$aNBS report ;$v2846.
=856  4\$uhttps://dx.doi.org/10.6028/NBS.RPT.2846
=856  4\$zAddress at time of PURL creation$uhttps://www.govinfo.gov/content/pkg/GOVPUB-C13-9e19a303bb0b9711ec48e78fff6c0739/pdf/GOVPUB-C13-9e19a303bb0b9711ec48e78fff6c0739.pdf
=856  40$uhttps://purl.fdlp.gov/GPO/gpo101161
=049  \\$aGPOO
=922  \\$aBatch-processed
=922  \\$aNIST-1$b20180815

