=LDR  01682nam  2200409Ia 45e0
=001  001076978
=003  OCoLC
=005  20180711120941.0
=008  160829s1953\\\\mdu\\\\\ob\\\f000\0\eng\d
=024  8\$aGOVPUB-C13-ae9de9c871c1fedd9ac99dbe515563d9
=035  \\$a(OCoLC)957470156
=040  \\$aNBS$beng$erda$cNBS$dOCLCO$dOCLCQ
=086  0\$aC 13.38:2947
=100  1\$aRobinson, Henry E.
=245  13$aAn apparatus for measurement of simultaneous heat and water vapor flow through 4 x 8 ft. insulated panels /$cHenry E. Robinson, F.J. Powlitch, M.A. Barron, P.R. Achenbach.
=264  \1$aGaithersburg, MD :$bU.S. Dept. of Commerce, National Institute of Standards and Technology,$c1953.
=300  \\$a1 online resource.
=336  \\$atext$btxt$2rdacontent
=337  \\$acomputer$bc$2rdamedia
=338  \\$aonline resource$bcr$2rdacarrier
=490  1\$aNBS report ;$v2947
=500  \\$a1953.
=500  \\$aContributed record: Metadata reviewed, not verified. Some fields updated by batch processes.
=500  \\$aTitle from PDF title page.
=504  \\$aIncludes bibliographical references.
=700  1\$aAchenbach, P. R.
=700  1\$aBarron, M. A.
=700  1\$aPowlitch, F. J.
=700  1\$aRobinson, Henry E.
=710  1\$aUnited States.$bNational Bureau of Standards.
=830  \0$aNBS report ;$v2947.
=856  4\$uhttps://dx.doi.org/10.6028/NBS.RPT.2947
=856  4\$zAddress at time of PURL creation$uhttps://www.govinfo.gov/content/pkg/GOVPUB-C13-ae9de9c871c1fedd9ac99dbe515563d9/pdf/GOVPUB-C13-ae9de9c871c1fedd9ac99dbe515563d9.pdf
=856  40$uhttps://purl.fdlp.gov/GPO/gpo101820
=049  \\$aGPOO
=922  \\$aBatch-processed
=922  \\$aNIST-1$b20180815

