=LDR  01774nam  2200433Ia 45e0
=001  001077081
=003  OCoLC
=005  20180711120941.0
=008  160829s1953\\\\mdu\\\\\ob\\\f000\0\eng\d
=024  8\$aGOVPUB-C13-c5b24f2f4a361077f480bbce874b022c
=035  \\$a(OCoLC)957470136
=040  \\$aNBS$beng$erda$cNBS$dOCLCO$dOCLCF$dOCLCQ
=086  0\$aC 13.38:2268
=100  1\$aRobinson, Henry E.
=245  10$aThermal conductivities of two specimens of ferrous alloys at temperatures from 100 degrees C to 700 degrees C /$cHenry E. Robinson, S. Katz.
=264  \1$aGaithersburg, MD :$bU.S. Dept. of Commerce, National Institute of Standards and Technology,$c1953.
=300  \\$a1 online resource.
=336  \\$atext$btxt$2rdacontent
=337  \\$acomputer$bc$2rdamedia
=338  \\$aonline resource$bcr$2rdacarrier
=490  1\$aNBS report ;$v2268
=500  \\$a1953.
=500  \\$aContributed record: Metadata reviewed, not verified. Some fields updated by batch processes.
=500  \\$aTitle from PDF title page.
=504  \\$aIncludes bibliographical references.
=650  \0$aIron alloys.
=650  \0$aThermal conductivity.
=650  \7$aIron alloys.$2fast$0(OCoLC)fst00979151
=650  \7$aThermal conductivity.$2fast$0(OCoLC)fst01736449
=700  1\$aKatz, S.
=700  1\$aRobinson, Henry E.
=710  1\$aUnited States.$bNational Bureau of Standards.
=830  \0$aNBS report ;$v2268.
=856  4\$uhttps://dx.doi.org/10.6028/NBS.RPT.2268
=856  4\$zAddress at time of PURL creation$uhttps://www.govinfo.gov/content/pkg/GOVPUB-C13-c5b24f2f4a361077f480bbce874b022c/pdf/GOVPUB-C13-c5b24f2f4a361077f480bbce874b022c.pdf
=856  40$uhttps://purl.fdlp.gov/GPO/gpo102785
=049  \\$aGPOO
=922  \\$aBatch-processed
=922  \\$aNIST-1$b20180815

