=LDR  01684nam  2200409Ia 45e0
=001  001077192
=003  OCoLC
=005  20180711120942.0
=008  160829s1953\\\\mdu\\\\\ob\\\f000\0\eng\d
=024  8\$aGOVPUB-C13-de630e4e8bffd742886245057e684a7b
=035  \\$a(OCoLC)957470210
=040  \\$aNBS$beng$erda$cNBS$dOCLCO$dOCLCF$dOCLCQ
=086  0\$aC 13.38:2923
=100  1\$aRobinson, Henry E.
=245  10$aSummary of results of performance tests of ten cleanable impingement type air filters /$cHenry E. Robinson, Thomas W. Watson.
=264  \1$aGaithersburg, MD :$bU.S. Dept. of Commerce, National Institute of Standards and Technology,$c1953.
=300  \\$a1 online resource.
=336  \\$atext$btxt$2rdacontent
=337  \\$acomputer$bc$2rdamedia
=338  \\$aonline resource$bcr$2rdacarrier
=490  1\$aNBS report ;$v2923
=500  \\$a1953.
=500  \\$aContributed record: Metadata reviewed, not verified. Some fields updated by batch processes.
=500  \\$aTitle from PDF title page.
=504  \\$aIncludes bibliographical references.
=650  \0$aAir filters$xTesting.
=650  \7$aAir filters$xTesting.$2fast$0(OCoLC)fst00802369
=700  1\$aRobinson, Henry E.
=700  1\$aWatson, Thomas W.
=710  1\$aUnited States.$bNational Bureau of Standards.
=830  \0$aNBS report ;$v2923.
=856  4\$uhttps://dx.doi.org/10.6028/NBS.RPT.2923
=856  4\$zAddress at time of PURL creation$uhttps://www.govinfo.gov/content/pkg/GOVPUB-C13-de630e4e8bffd742886245057e684a7b/pdf/GOVPUB-C13-de630e4e8bffd742886245057e684a7b.pdf
=856  40$uhttps://purl.fdlp.gov/GPO/gpo104043
=049  \\$aGPOO
=922  \\$aBatch-processed
=922  \\$aNIST-1$b20180815

