=LDR  01677nam  2200409Ia 45e0
=001  001077295
=003  OCoLC
=005  20180711120940.0
=008  160829s1953\\\\mdu\\\\\ob\\\f000\0\eng\d
=024  8\$aGOVPUB-C13-fd3ad9a8e20a89672f24cfec2a0c87f6
=035  \\$a(OCoLC)957470040
=040  \\$aNBS$beng$erda$cNBS$dOCLCO$dOCLCF$dOCLCQ
=086  0\$aC 13.38:2197
=100  1\$aRobinson, Henry E.
=245  10$aPerformance tests of cleanable impingement type air filters Air Maze Type P-5W /$cHenry E. Robinson, Thomas W. Watson.
=264  \1$aGaithersburg, MD :$bU.S. Dept. of Commerce, National Institute of Standards and Technology,$c1953.
=300  \\$a1 online resource.
=336  \\$atext$btxt$2rdacontent
=337  \\$acomputer$bc$2rdamedia
=338  \\$aonline resource$bcr$2rdacarrier
=490  1\$aNBS report ;$v2197
=500  \\$a1953.
=500  \\$aContributed record: Metadata reviewed, not verified. Some fields updated by batch processes.
=500  \\$aTitle from PDF title page.
=504  \\$aIncludes bibliographical references.
=650  \0$aAir filters$xTesting.
=650  \7$aAir filters$xTesting.$2fast$0(OCoLC)fst00802369
=700  1\$aRobinson, Henry E.
=700  1\$aWatson, Thomas W.
=710  1\$aUnited States.$bNational Bureau of Standards.
=830  \0$aNBS report ;$v2197.
=856  4\$uhttps://dx.doi.org/10.6028/NBS.RPT.2197
=856  4\$zAddress at time of PURL creation$uhttps://www.govinfo.gov/content/pkg/GOVPUB-C13-fd3ad9a8e20a89672f24cfec2a0c87f6/pdf/GOVPUB-C13-fd3ad9a8e20a89672f24cfec2a0c87f6.pdf
=856  40$uhttps://purl.fdlp.gov/GPO/gpo105321
=049  \\$aGPOO
=922  \\$aBatch-processed
=922  \\$aNIST-1$b20180815

