=LDR  01570nam  2200397Ia 45e0
=001  001076508
=003  OCoLC
=005  20180711120935.0
=008  161006s1953\\\\mdu\\\\\ob\\\f000\0\eng\d
=024  8\$aGOVPUB-C13-2f856e803868fd78c3505498461483fd
=035  \\$a(OCoLC)959982852
=040  \\$aNBS$beng$erda$cNBS$dOCLCO$dOCLCF$dOCLCQ
=086  0\$aC 13.38:2220
=100  1\$aSapogov, N. A.
=245  14$aThe stability problem for a theorem of Cramer /$cN.A. Sapogov.
=264  \1$aGaithersburg, MD :$bU.S. Dept. of Commerce, National Institute of Standards and Technology,$c1953.
=300  \\$a1 online resource.
=336  \\$atext$btxt$2rdacontent
=337  \\$acomputer$bc$2rdamedia
=338  \\$aonline resource$bcr$2rdacarrier
=490  1\$aNBS report ;$v2220
=500  \\$a1953.
=500  \\$aContributed record: Metadata reviewed, not verified. Some fields updated by batch processes.
=500  \\$aTitle from PDF title page.
=504  \\$aIncludes bibliographical references.
=650  \0$aAlgebras, Linear.
=650  \7$aAlgebras, Linear.$2fast$0(OCoLC)fst00804946
=700  1\$aSapogov, N. A.
=710  1\$aUnited States.$bNational Bureau of Standards.
=830  \0$aNBS report ;$v2220.
=856  4\$uhttps://dx.doi.org/10.6028/NBS.RPT.2220
=856  4\$zAddress at time of PURL creation$uhttps://www.govinfo.gov/content/pkg/GOVPUB-C13-2f856e803868fd78c3505498461483fd/pdf/GOVPUB-C13-2f856e803868fd78c3505498461483fd.pdf
=856  40$uhttps://purl.fdlp.gov/GPO/gpo96429
=049  \\$aGPOO
=922  \\$aBatch-processed
=922  \\$aNIST-1$b20180815

