=LDR  01738nam  2200433Ia 45e0
=001  001076371
=003  OCoLC
=005  20180711120935.0
=008  161006s1953\\\\mdu\\\\\ob\\\f000\0\eng\d
=024  8\$aGOVPUB-C13-0aff8ffb3645cbacfc18fe8af055fdf4
=035  \\$a(OCoLC)959982863
=040  \\$aNBS$beng$erda$cNBS$dOCLCO$dOCLCF$dOCLCQ
=086  0\$aC 13.38:2353
=100  1\$aSavage, I. Richard.
=245  10$aTables of inverses of finite segments of the Hilbert matrix /$cI. Richard Savage, Eugene Lukacs.
=264  \1$aGaithersburg, MD :$bU.S. Dept. of Commerce, National Institute of Standards and Technology,$c1953.
=300  \\$a1 online resource.
=336  \\$atext$btxt$2rdacontent
=337  \\$acomputer$bc$2rdamedia
=338  \\$aonline resource$bcr$2rdacarrier
=490  1\$aNBS report ;$v2353
=500  \\$a1953.
=500  \\$aContributed record: Metadata reviewed, not verified. Some fields updated by batch processes.
=500  \\$aTitle from PDF title page.
=504  \\$aIncludes bibliographical references.
=650  \0$aAlgebras, Linear.
=650  \0$aHilbert modules.
=650  \7$aAlgebras, Linear.$2fast$0(OCoLC)fst00804946
=650  \7$aHilbert modules.$2fast$0(OCoLC)fst00956783
=700  1\$aLukacs, Eugene.
=700  1\$aSavage, I. Richard.
=710  1\$aUnited States.$bNational Bureau of Standards.
=830  \0$aNBS report ;$v2353.
=856  4\$uhttps://dx.doi.org/10.6028/NBS.RPT.2353
=856  4\$zAddress at time of PURL creation$uhttps://www.govinfo.gov/content/pkg/GOVPUB-C13-0aff8ffb3645cbacfc18fe8af055fdf4/pdf/GOVPUB-C13-0aff8ffb3645cbacfc18fe8af055fdf4.pdf
=856  40$uhttps://purl.fdlp.gov/GPO/gpo94804
=049  \\$aGPOO
=922  \\$aBatch-processed
=922  \\$aNIST-1$b20180815

