=LDR  01710nam  2200433Ia 45e0
=001  001076448
=003  OCoLC
=005  20180711120942.0
=008  160829s1953\\\\mdu\\\\\ob\\\f000\0\eng\d
=024  8\$aGOVPUB-C13-2176a918b7504523e064a9649c0d0214
=035  \\$a(OCoLC)957470177
=040  \\$aNBS$beng$erda$cNBS$dOCLCO$dOCLCF$dOCLCQ
=086  0\$aC 13.38:2597
=100  1\$aSkoda, L. F.
=245  10$aTest of precast girder with welded splices (Tee-Head No. 1) /$cL.F. Skoda, D. Watstein.
=264  \1$aGaithersburg, MD :$bU.S. Dept. of Commerce, National Institute of Standards and Technology,$c1953.
=300  \\$a1 online resource.
=336  \\$atext$btxt$2rdacontent
=337  \\$acomputer$bc$2rdamedia
=338  \\$aonline resource$bcr$2rdacarrier
=490  1\$aNBS report ;$v2597
=500  \\$a1953.
=500  \\$aContributed record: Metadata reviewed, not verified. Some fields updated by batch processes.
=500  \\$aTitle from PDF title page.
=504  \\$aIncludes bibliographical references.
=650  \0$aConcrete beams.
=650  \0$aGirders$xTesting.
=650  \7$aConcrete beams.$2fast$0(OCoLC)fst00874240
=650  \7$aGirders$xTesting.$2fast$0(OCoLC)fst00942832
=700  1\$aSkoda, L. F.
=700  1\$aWatstein, D.
=710  1\$aUnited States.$bNational Bureau of Standards.
=830  \0$aNBS report ;$v2597.
=856  4\$uhttps://dx.doi.org/10.6028/NBS.RPT.2597
=856  4\$zAddress at time of PURL creation$uhttps://www.govinfo.gov/content/pkg/GOVPUB-C13-2176a918b7504523e064a9649c0d0214/pdf/GOVPUB-C13-2176a918b7504523e064a9649c0d0214.pdf
=856  40$uhttps://purl.fdlp.gov/GPO/gpo95796
=049  \\$aGPOO
=922  \\$aBatch-processed
=922  \\$aNIST-1$b20180815

