=LDR  01646nam  2200409Ia 45e0
=001  001077223
=003  OCoLC
=005  20180711120942.0
=008  160829s1953\\\\mdu\\\\\ob\\\f000\0\eng\d
=024  8\$aGOVPUB-C13-e664bae863baa97196a003973065493d
=035  \\$a(OCoLC)957470211
=040  \\$aNBS$beng$erda$cNBS$dOCLCO$dOCLCF$dOCLCQ
=086  0\$aC 13.38:2926
=100  1\$aSkoda, Leopold F.
=245  10$aTests of precast girders with welded spices (Tee-Heads Nos. 2 and 3) /$cLeopold F. Skoda, D. Watstein.
=264  \1$aGaithersburg, MD :$bU.S. Dept. of Commerce, National Institute of Standards and Technology,$c1953.
=300  \\$a1 online resource.
=336  \\$atext$btxt$2rdacontent
=337  \\$acomputer$bc$2rdamedia
=338  \\$aonline resource$bcr$2rdacarrier
=490  1\$aNBS report ;$v2926
=500  \\$a1953.
=500  \\$aContributed record: Metadata reviewed, not verified. Some fields updated by batch processes.
=500  \\$aTitle from PDF title page.
=504  \\$aIncludes bibliographical references.
=650  \0$aGirders$xTesting.
=650  \7$aGirders$xTesting.$2fast$0(OCoLC)fst00942832
=700  1\$aSkoda, Leopold F.
=700  1\$aWatstein, D.
=710  1\$aUnited States.$bNational Bureau of Standards.
=830  \0$aNBS report ;$v2926.
=856  4\$uhttps://dx.doi.org/10.6028/NBS.RPT.2926
=856  4\$zAddress at time of PURL creation$uhttps://www.govinfo.gov/content/pkg/GOVPUB-C13-e664bae863baa97196a003973065493d/pdf/GOVPUB-C13-e664bae863baa97196a003973065493d.pdf
=856  40$uhttps://purl.fdlp.gov/GPO/gpo104408
=049  \\$aGPOO
=922  \\$aBatch-processed
=922  \\$aNIST-1$b20180815

