=LDR  01619nam  2200397Ia 45e0
=001  001076578
=003  OCoLC
=005  20180711120935.0
=008  161006s1953\\\\mdu\\\\\ob\\\f000\0\eng\d
=024  8\$aGOVPUB-C13-41730c8176a231caf9bf47ebaf3d517b
=035  \\$a(OCoLC)959982879
=040  \\$aNBS$beng$erda$cNBS$dOCLCO$dOCLCQ$dOCLCF
=086  0\$aC 13.38:2851
=110  1\$aUnited States.$bNational Bureau of Standards.
=245  10$aTables of autoregressive series /$cNational Bureau of Standards.
=264  \1$aGaithersburg, MD :$bU.S. Dept. of Commerce, National Institute of Standards and Technology,$c1953.
=300  \\$a1 online resource.
=336  \\$atext$btxt$2rdacontent
=337  \\$acomputer$bc$2rdamedia
=338  \\$aonline resource$bcr$2rdacarrier
=490  1\$aNBS report ;$v2851
=500  \\$a1953.
=500  \\$aContributed record: Metadata reviewed, not verified. Some fields updated by batch processes.
=500  \\$aTitle from PDF title page.
=504  \\$aIncludes bibliographical references.
=650  \0$aAutoregressive series.
=650  \0$aStochastic processes.
=650  \7$aStochastic processes.$2fast$0(OCoLC)fst01133519
=710  1\$aUnited States.$bNational Bureau of Standards.
=830  \0$aNBS report ;$v2851.
=856  4\$uhttps://dx.doi.org/10.6028/NBS.RPT.2851
=856  4\$zAddress at time of PURL creation$uhttps://www.govinfo.gov/content/pkg/GOVPUB-C13-41730c8176a231caf9bf47ebaf3d517b/pdf/GOVPUB-C13-41730c8176a231caf9bf47ebaf3d517b.pdf
=856  40$uhttps://purl.fdlp.gov/GPO/gpo97122
=049  \\$aGPOO
=922  \\$aBatch-processed
=922  \\$aNIST-1$b20180815

