=LDR  01486nam  2200361Ia 45e0
=001  001076688
=003  OCoLC
=005  20180711120939.0
=008  160829s1953\\\\mdu\\\\\ob\\\f000\0\eng\d
=024  8\$aGOVPUB-C13-5a4ed39abd3791cc4c91350064ef0015
=035  \\$a(OCoLC)957469983
=040  \\$aNBS$beng$erda$cNBS$dOCLCO$dOCLCQ
=086  0\$aC 13.38:2462
=110  1\$aUnited States.$bNational Bureau of Standards.
=245  10$aRequirements for concrete-masonry construction /$cNational Bureau of Standards.
=264  \1$aGaithersburg, MD :$bU.S. Dept. of Commerce, National Institute of Standards and Technology,$c1953.
=300  \\$a1 online resource.
=336  \\$atext$btxt$2rdacontent
=337  \\$acomputer$bc$2rdamedia
=338  \\$aonline resource$bcr$2rdacarrier
=490  1\$aNBS report ;$v2462
=500  \\$a1953.
=500  \\$aContributed record: Metadata reviewed, not verified. Some fields updated by batch processes.
=500  \\$aTitle from PDF title page.
=504  \\$aIncludes bibliographical references.
=710  1\$aUnited States.$bNational Bureau of Standards.
=830  \0$aNBS report ;$v2462.
=856  4\$uhttps://dx.doi.org/10.6028/NBS.RPT.2462
=856  4\$zAddress at time of PURL creation$uhttps://www.govinfo.gov/content/pkg/GOVPUB-C13-5a4ed39abd3791cc4c91350064ef0015/pdf/GOVPUB-C13-5a4ed39abd3791cc4c91350064ef0015.pdf
=856  40$uhttps://purl.fdlp.gov/GPO/gpo98321
=049  \\$aGPOO
=922  \\$aBatch-processed
=922  \\$aNIST-1$b20180815

