=LDR  01548nam  2200361Ia 45e0
=001  001077174
=003  OCoLC
=005  20180711121001.0
=008  161006s1953\\\\mdu\\\\\ob\\\f000\0\eng\d
=024  8\$aGOVPUB-C13-dbe028f08f38ef1f49e849166f17eb49
=035  \\$a(OCoLC)959982876
=040  \\$aNBS$beng$erda$cNBS$dOCLCO$dOCLCQ
=086  0\$aC 13.38:2718
=110  1\$aUnited States.$bNational Bureau of Standards.
=245  10$aReport on dental research at the National Bureau of Standards :$bprogress report January 1 to June 30, 1953 /$cNational Bureau of Standards.
=264  \1$aGaithersburg, MD :$bU.S. Dept. of Commerce, National Institute of Standards and Technology,$c1953.
=300  \\$a1 online resource.
=336  \\$atext$btxt$2rdacontent
=337  \\$acomputer$bc$2rdamedia
=338  \\$aonline resource$bcr$2rdacarrier
=490  1\$aNBS report ;$v2718
=500  \\$a1953.
=500  \\$aContributed record: Metadata reviewed, not verified. Some fields updated by batch processes.
=500  \\$aTitle from PDF title page.
=504  \\$aIncludes bibliographical references.
=710  1\$aUnited States.$bNational Bureau of Standards.
=830  \0$aNBS report ;$v2718.
=856  4\$uhttps://dx.doi.org/10.6028/NBS.RPT.2718
=856  4\$zAddress at time of PURL creation$uhttps://www.govinfo.gov/content/pkg/GOVPUB-C13-dbe028f08f38ef1f49e849166f17eb49/pdf/GOVPUB-C13-dbe028f08f38ef1f49e849166f17eb49.pdf
=856  40$uhttps://purl.fdlp.gov/GPO/gpo103921
=049  \\$aGPOO
=922  \\$aBatch-processed
=922  \\$aNIST-1$b20180815

