=LDR  01630nam  2200409Ia 45e0
=001  001076475
=003  OCoLC
=005  20180711120941.0
=008  160829s1953\\\\mdu\\\\\ob\\\f000\0\eng\d
=024  8\$aGOVPUB-C13-27bdf1cb74652f50299af12d2cf25fa1
=035  \\$a(OCoLC)957470149
=040  \\$aNBS$beng$erda$cNBS$dOCLCO$dOCLCQ
=086  0\$aC 13.38:2295
=100  1\$aValenti, C. T.,$cJr.
=245  10$aTest of precast prestressed roof panel no. 1 (type A) /$cC.T. Valenti, T.W. Reichard, Leopold F. Skoda, D. Watstein.
=264  \1$aGaithersburg, MD :$bU.S. Dept. of Commerce, National Institute of Standards and Technology,$c1953.
=300  \\$a1 online resource.
=336  \\$atext$btxt$2rdacontent
=337  \\$acomputer$bc$2rdamedia
=338  \\$aonline resource$bcr$2rdacarrier
=490  1\$aNBS report ;$v2295
=500  \\$a1953.
=500  \\$aContributed record: Metadata reviewed, not verified. Some fields updated by batch processes.
=500  \\$aTitle from PDF title page.
=504  \\$aIncludes bibliographical references.
=700  1\$aReichard, T. W.
=700  1\$aSkoda, Leopold F.
=700  1\$aValenti, C. T.,$cJr.
=700  1\$aWatstein, D.
=710  1\$aUnited States.$bNational Bureau of Standards.
=830  \0$aNBS report ;$v2295.
=856  4\$uhttps://dx.doi.org/10.6028/NBS.RPT.2295
=856  4\$zAddress at time of PURL creation$uhttps://www.govinfo.gov/content/pkg/GOVPUB-C13-27bdf1cb74652f50299af12d2cf25fa1/pdf/GOVPUB-C13-27bdf1cb74652f50299af12d2cf25fa1.pdf
=856  40$uhttps://purl.fdlp.gov/GPO/gpo95930
=049  \\$aGPOO
=922  \\$aBatch-processed
=922  \\$aNIST-1$b20180815

