=LDR  01662nam  2200397Ia 45e0
=001  001077000
=003  OCoLC
=005  20180711120942.0
=008  160829s1953\\\\mdu\\\\\ob\\\f000\0\eng\d
=024  8\$aGOVPUB-C13-b302f2a6f334e55f7f943bf093a1d854
=035  \\$a(OCoLC)957470200
=040  \\$aNBS$beng$erda$cNBS$dOCLCO$dOCLCQ
=086  0\$aC 13.38:2840
=100  1\$aValore, Rudolph C.,$cJr.
=245  10$aSome properties of lightweight aggregate concretes containing entrained air in place of fine aggregate /$cRudolph C. Valore Jr., Joan M. De Mattei, Leopold F. Skoda.
=264  \1$aGaithersburg, MD :$bU.S. Dept. of Commerce, National Institute of Standards and Technology,$c1953.
=300  \\$a1 online resource.
=336  \\$atext$btxt$2rdacontent
=337  \\$acomputer$bc$2rdamedia
=338  \\$aonline resource$bcr$2rdacarrier
=490  1\$aNBS report ;$v2840
=500  \\$a1953.
=500  \\$aContributed record: Metadata reviewed, not verified. Some fields updated by batch processes.
=500  \\$aTitle from PDF title page.
=504  \\$aIncludes bibliographical references.
=700  1\$aDe Mattei, Joan M.
=700  1\$aSkoda, Leopold F.
=700  1\$aValore, Rudolph C.,$cJr.
=710  1\$aUnited States.$bNational Bureau of Standards.
=830  \0$aNBS report ;$v2840.
=856  4\$uhttps://dx.doi.org/10.6028/NBS.RPT.2840
=856  4\$zAddress at time of PURL creation$uhttps://www.govinfo.gov/content/pkg/GOVPUB-C13-b302f2a6f334e55f7f943bf093a1d854/pdf/GOVPUB-C13-b302f2a6f334e55f7f943bf093a1d854.pdf
=856  40$uhttps://purl.fdlp.gov/GPO/gpo101995
=049  \\$aGPOO
=922  \\$aBatch-processed
=922  \\$aNIST-1$b20180815

