=LDR  01652nam  2200409Ia 45e0
=001  001076646
=003  OCoLC
=005  20180711120935.0
=008  161006s1953\\\\mdu\\\\\ob\\\f000\0\eng\d
=024  8\$aGOVPUB-C13-4f157e9a4d5818aa170601e1ac11e7de
=035  \\$a(OCoLC)959982861
=040  \\$aNBS$beng$erda$cNBS$dOCLCO$dOCLCF$dOCLCQ
=086  0\$aC 13.38:2332
=100  1\$aWalsh, J. L.
=245  10$aOn the accuracy of the numerical solution of the Dirichlet problem by finite differences /$cJ.L. Walsh, David Young.
=264  \1$aGaithersburg, MD :$bU.S. Dept. of Commerce, National Institute of Standards and Technology,$c1953.
=300  \\$a1 online resource.
=336  \\$atext$btxt$2rdacontent
=337  \\$acomputer$bc$2rdamedia
=338  \\$aonline resource$bcr$2rdacarrier
=490  1\$aNBS report ;$v2332
=500  \\$a1953.
=500  \\$aContributed record: Metadata reviewed, not verified. Some fields updated by batch processes.
=500  \\$aTitle from PDF title page.
=504  \\$aIncludes bibliographical references.
=650  \0$aDirichlet problem.
=650  \7$aDirichlet problem.$2fast$0(OCoLC)fst00894620
=700  1\$aWalsh, J. L.
=700  1\$aYoung, David.
=710  1\$aUnited States.$bNational Bureau of Standards.
=830  \0$aNBS report ;$v2332.
=856  4\$uhttps://dx.doi.org/10.6028/NBS.RPT.2332
=856  4\$zAddress at time of PURL creation$uhttps://www.govinfo.gov/content/pkg/GOVPUB-C13-4f157e9a4d5818aa170601e1ac11e7de/pdf/GOVPUB-C13-4f157e9a4d5818aa170601e1ac11e7de.pdf
=856  40$uhttps://purl.fdlp.gov/GPO/gpo97775
=049  \\$aGPOO
=922  \\$aBatch-processed
=922  \\$aNIST-1$b20180815

