=LDR  01639nam  2200409Ia 45e0
=001  001077129
=003  OCoLC
=005  20180711120942.0
=008  160829s1953\\\\mdu\\\\\ob\\\f000\0\eng\d
=024  8\$aGOVPUB-C13-cfc1cae2b12751f63f856cd3d541a07e
=035  \\$a(OCoLC)957470197
=040  \\$aNBS$beng$erda$cNBS$dOCLCO$dOCLCF$dOCLCQ
=086  0\$aC 13.38:2813
=100  1\$aWatson, Thomas.
=245  10$aPerformance tests of a Trion electric air filter /$cThomas Watson, Henry E. Robinson.
=264  \1$aGaithersburg, MD :$bU.S. Dept. of Commerce, National Institute of Standards and Technology,$c1953.
=300  \\$a1 online resource.
=336  \\$atext$btxt$2rdacontent
=337  \\$acomputer$bc$2rdamedia
=338  \\$aonline resource$bcr$2rdacarrier
=490  1\$aNBS report ;$v2813
=500  \\$a1953.
=500  \\$aContributed record: Metadata reviewed, not verified. Some fields updated by batch processes.
=500  \\$aTitle from PDF title page.
=504  \\$aIncludes bibliographical references.
=650  \0$aAir filters$xTesting.
=650  \7$aAir filters$xTesting.$2fast$0(OCoLC)fst00802369
=700  1\$aRobinson, Henry E.
=700  1\$aWatson, Thomas.
=710  1\$aUnited States.$bNational Bureau of Standards.
=830  \0$aNBS report ;$v2813.
=856  4\$uhttps://dx.doi.org/10.6028/NBS.RPT.2813
=856  4\$zAddress at time of PURL creation$uhttps://www.govinfo.gov/content/pkg/GOVPUB-C13-cfc1cae2b12751f63f856cd3d541a07e/pdf/GOVPUB-C13-cfc1cae2b12751f63f856cd3d541a07e.pdf
=856  40$uhttps://purl.fdlp.gov/GPO/gpo103195
=049  \\$aGPOO
=922  \\$aBatch-processed
=922  \\$aNIST-1$b20180815

