=LDR  01683nam  2200421Ia 45e0
=001  001077131
=003  OCoLC
=005  20180711120935.0
=008  161006s1953\\\\mdu\\\\\ob\\\f000\0\eng\d
=024  8\$aGOVPUB-C13-d05915a48872ff356bdf676374c4605d
=035  \\$a(OCoLC)959982878
=040  \\$aNBS$beng$erda$cNBS$dOCLCO$dOCLCF$dOCLCQ
=086  0\$aC 13.38:2831
=100  1\$aWielandt, Helmut.
=245  10$aError bounds for eigenvalues of symmetric integral equations /$cHelmut Wielandt.
=264  \1$aGaithersburg, MD :$bU.S. Dept. of Commerce, National Institute of Standards and Technology,$c1953.
=300  \\$a1 online resource.
=336  \\$atext$btxt$2rdacontent
=337  \\$acomputer$bc$2rdamedia
=338  \\$aonline resource$bcr$2rdacarrier
=490  1\$aNBS report ;$v2831
=500  \\$a1953.
=500  \\$aContributed record: Metadata reviewed, not verified. Some fields updated by batch processes.
=500  \\$aTitle from PDF title page.
=504  \\$aIncludes bibliographical references.
=650  \0$aEigenvalues.
=650  \0$aIntegral equations.
=650  \7$aEigenvalues.$2fast$0(OCoLC)fst00904031
=650  \7$aIntegral equations.$2fast$0(OCoLC)fst00975507
=700  1\$aWielandt, Helmut.
=710  1\$aUnited States.$bNational Bureau of Standards.
=830  \0$aNBS report ;$v2831.
=856  4\$uhttps://dx.doi.org/10.6028/NBS.RPT.2831
=856  4\$zAddress at time of PURL creation$uhttps://www.govinfo.gov/content/pkg/GOVPUB-C13-d05915a48872ff356bdf676374c4605d/pdf/GOVPUB-C13-d05915a48872ff356bdf676374c4605d.pdf
=856  40$uhttps://purl.fdlp.gov/GPO/gpo103218
=049  \\$aGPOO
=922  \\$aBatch-processed
=922  \\$aNIST-1$b20180815

