=LDR  01603nam  2200397Ia 45e0
=001  001076857
=003  OCoLC
=005  20180711121001.0
=008  161006s1953\\\\mdu\\\\\ob\\\f000\0\eng\d
=024  8\$aGOVPUB-C13-8977bb85b16c045950bc566ad4039657
=035  \\$a(OCoLC)959982874
=040  \\$aNBS$beng$erda$cNBS$dOCLCO$dOCLCF$dOCLCQ
=086  0\$aC 13.38:2611
=100  1\$aWoolley, Harold W.
=245  10$aThermodynamic properties of molecular oxygen /$cHarold W. Woolley.
=264  \1$aGaithersburg, MD :$bU.S. Dept. of Commerce, National Institute of Standards and Technology,$c1953.
=300  \\$a1 online resource.
=336  \\$atext$btxt$2rdacontent
=337  \\$acomputer$bc$2rdamedia
=338  \\$aonline resource$bcr$2rdacarrier
=490  1\$aNBS report ;$v2611
=500  \\$a1953.
=500  \\$aContributed record: Metadata reviewed, not verified. Some fields updated by batch processes.
=500  \\$aTitle from PDF title page.
=504  \\$aIncludes bibliographical references.
=650  \0$aOxygen$xThermal properties.
=650  \7$aOxygen$xThermal properties.$2fast$0(OCoLC)fst01049639
=700  1\$aWoolley, Harold W.
=710  1\$aUnited States.$bNational Bureau of Standards.
=830  \0$aNBS report ;$v2611.
=856  4\$uhttps://dx.doi.org/10.6028/NBS.RPT.2611
=856  4\$zAddress at time of PURL creation$uhttps://www.govinfo.gov/content/pkg/GOVPUB-C13-8977bb85b16c045950bc566ad4039657/pdf/GOVPUB-C13-8977bb85b16c045950bc566ad4039657.pdf
=856  40$uhttps://purl.fdlp.gov/GPO/gpo100364
=049  \\$aGPOO
=922  \\$aBatch-processed
=922  \\$aNIST-1$b20180815

