=LDR  01708nam  2200409Ia 45e0
=001  001076373
=003  OCoLC
=005  20180711120940.0
=008  160829s1954\\\\mdu\\\\\ob\\\f000\0\eng\d
=024  8\$aGOVPUB-C13-0d217c26c2ce752726552c32df8ad22e
=035  \\$a(OCoLC)957470089
=040  \\$aNBS$beng$erda$cNBS$dOCLCO$dOCLCF$dOCLCQ
=086  0\$aC 13.38:3635
=100  1\$aAchenbach, Paul R.
=245  10$aTests of refrigeration and miscellaneous equipment /$cPaul R. Achenbach, Carl W. Phillips.
=264  \1$aGaithersburg, MD :$bU.S. Dept. of Commerce, National Institute of Standards and Technology,$c1954.
=300  \\$a1 online resource.
=336  \\$atext$btxt$2rdacontent
=337  \\$acomputer$bc$2rdamedia
=338  \\$aonline resource$bcr$2rdacarrier
=490  1\$aNBS report ;$v3635
=500  \\$a1954.
=500  \\$aContributed record: Metadata reviewed, not verified. Some fields updated by batch processes.
=500  \\$aTitle from PDF title page.
=504  \\$aIncludes bibliographical references.
=650  \0$aRefrigeration and refrigerating machinery$xTesting.
=650  \7$aRefrigeration and refrigerating machinery$xTesting.$2fast$0(OCoLC)fst01092744
=700  1\$aAchenbach, Paul R.
=700  1\$aPhillips, Carl W.
=710  1\$aUnited States.$bNational Bureau of Standards.
=830  \0$aNBS report ;$v3635.
=856  4\$uhttps://dx.doi.org/10.6028/NBS.RPT.3635
=856  4\$zAddress at time of PURL creation$uhttps://www.govinfo.gov/content/pkg/GOVPUB-C13-0d217c26c2ce752726552c32df8ad22e/pdf/GOVPUB-C13-0d217c26c2ce752726552c32df8ad22e.pdf
=856  40$uhttps://purl.fdlp.gov/GPO/gpo94819
=049  \\$aGPOO
=922  \\$aBatch-processed
=922  \\$aNIST-1$b20180815

