=LDR  01555nam  2200397Ia 45e0
=001  001077029
=003  OCoLC
=005  20180711121002.0
=008  161006s1954\\\\mdu\\\\\ob\\\f000\0\eng\d
=024  8\$aGOVPUB-C13-b98d60f351b2eaa93d2deeefdddddc7d
=035  \\$a(OCoLC)959982952
=040  \\$aNBS$beng$erda$cNBS$dOCLCO$dOCLCQ
=086  0\$aC 13.38:3431
=100  1\$aBass, A. M.
=245  10$aHigh-temperature thermodynamics :$btechnical report II /$cA.M. Bass.
=264  \1$aGaithersburg, MD :$bU.S. Dept. of Commerce, National Institute of Standards and Technology,$c1954.
=300  \\$a1 online resource.
=336  \\$atext$btxt$2rdacontent
=337  \\$acomputer$bc$2rdamedia
=338  \\$aonline resource$bcr$2rdacarrier
=490  1\$aNBS report ;$v3431
=500  \\$a1954.
=500  \\$aContributed record: Metadata reviewed, not verified. Some fields updated by batch processes.
=500  \\$aTitle from PDF title page.
=504  \\$aIncludes bibliographical references.
=650  \0$aHigh temperatures$xTesting.
=650  \0$aThermodynamics$xTesting.
=700  1\$aBass, A. M.
=710  1\$aUnited States.$bNational Bureau of Standards.
=830  \0$aNBS report ;$v3431.
=856  4\$uhttps://dx.doi.org/10.6028/NBS.RPT.3431
=856  4\$zAddress at time of PURL creation$uhttps://www.govinfo.gov/content/pkg/GOVPUB-C13-b98d60f351b2eaa93d2deeefdddddc7d/pdf/GOVPUB-C13-b98d60f351b2eaa93d2deeefdddddc7d.pdf
=856  40$uhttps://purl.fdlp.gov/GPO/gpo102268
=049  \\$aGPOO
=922  \\$aBatch-processed
=922  \\$aNIST-1$b20180815

