=LDR  01698nam  2200421Ia 45e0
=001  001077267
=003  OCoLC
=005  20180711120958.0
=008  161006s1954\\\\mdu\\\\\ob\\\f000\0\eng\d
=024  8\$aGOVPUB-C13-f284cf41e131974f645bc63ee9cffaec
=035  \\$a(OCoLC)959982669
=040  \\$aNBS$beng$erda$cNBS$dOCLCO$dOCLCF$dOCLCQ
=086  0\$aC 13.38:3476
=100  1\$aBreckenridge, F. C.
=245  10$aColor characteristics of a green plastic developed by the Rohm and Haas Company for beacon covers /$cF.C. Breckenridge.
=264  \1$aGaithersburg, MD :$bU.S. Dept. of Commerce, National Institute of Standards and Technology,$c1954.
=300  \\$a1 online resource.
=336  \\$atext$btxt$2rdacontent
=337  \\$acomputer$bc$2rdamedia
=338  \\$aonline resource$bcr$2rdacarrier
=490  1\$aNBS report ;$v3476
=500  \\$a1954.
=500  \\$aContributed record: Metadata reviewed, not verified. Some fields updated by batch processes.
=500  \\$aTitle from PDF title page.
=504  \\$aIncludes bibliographical references.
=650  \0$aBeacons.
=650  \0$aPlastics.
=650  \7$aBeacons.$2fast$0(OCoLC)fst00829141
=650  \7$aPlastics.$2fast$0(OCoLC)fst01066542
=700  1\$aBreckenridge, F. C.
=710  1\$aUnited States.$bNational Bureau of Standards.
=830  \0$aNBS report ;$v3476.
=856  4\$uhttps://dx.doi.org/10.6028/NBS.RPT.3476
=856  4\$zAddress at time of PURL creation$uhttps://www.govinfo.gov/content/pkg/GOVPUB-C13-f284cf41e131974f645bc63ee9cffaec/pdf/GOVPUB-C13-f284cf41e131974f645bc63ee9cffaec.pdf
=856  40$uhttps://purl.fdlp.gov/GPO/gpo104892
=049  \\$aGPOO
=922  \\$aBatch-processed
=922  \\$aNIST-1$b20180815

