=LDR  01651nam  2200397Ia 45e0
=001  001077269
=003  OCoLC
=005  20180711121001.0
=008  161006s1954\\\\mdu\\\\\ob\\\f000\0\eng\d
=024  8\$aGOVPUB-C13-f2c2d4503d73a1c0197a5b4b21febcd4
=035  \\$a(OCoLC)959982853
=040  \\$aNBS$beng$erda$cNBS$dOCLCO$dOCLCF$dOCLCQ
=086  0\$aC 13.38:3185
=100  1\$aBreckenridge, F. C.
=245  10$aImprovement of visual aids for air navigation :$bprogress report July 1, 1953 to February 28, 1954 /$cF.C. Breckenridge.
=264  \1$aGaithersburg, MD :$bU.S. Dept. of Commerce, National Institute of Standards and Technology,$c1954.
=300  \\$a1 online resource.
=336  \\$atext$btxt$2rdacontent
=337  \\$acomputer$bc$2rdamedia
=338  \\$aonline resource$bcr$2rdacarrier
=490  1\$aNBS report ;$v3185
=500  \\$a1954.
=500  \\$aContributed record: Metadata reviewed, not verified. Some fields updated by batch processes.
=500  \\$aTitle from PDF title page.
=504  \\$aIncludes bibliographical references.
=650  \0$aAids to air navigation.
=650  \7$aAids to air navigation.$2fast$0(OCoLC)fst00801982
=700  1\$aBreckenridge, F. C.
=710  1\$aUnited States.$bNational Bureau of Standards.
=830  \0$aNBS report ;$v3185.
=856  4\$uhttps://dx.doi.org/10.6028/NBS.RPT.3185
=856  4\$zAddress at time of PURL creation$uhttps://www.govinfo.gov/content/pkg/GOVPUB-C13-f2c2d4503d73a1c0197a5b4b21febcd4/pdf/GOVPUB-C13-f2c2d4503d73a1c0197a5b4b21febcd4.pdf
=856  40$uhttps://purl.fdlp.gov/GPO/gpo104901
=049  \\$aGPOO
=922  \\$aBatch-processed
=922  \\$aNIST-1$b20180815

