=LDR  01576nam  2200397Ia 45e0
=001  001076700
=003  OCoLC
=005  20180711120936.0
=008  161006s1954\\\\mdu\\\\\ob\\\f000\0\eng\d
=024  8\$aGOVPUB-C13-5e30737077bbf7a0ac95a5e847986b83
=035  \\$a(OCoLC)959982968
=040  \\$aNBS$beng$erda$cNBS$dOCLCO$dOCLCQ
=086  0\$aC 13.38:3481
=100  1\$aClatworthy, W. H.
=245  10$aSome fractional factorial arrangements for factors at two levels /$cW.H. Clatworthy, W.S. Connor, M. Zelen.
=264  \1$aGaithersburg, MD :$bU.S. Dept. of Commerce, National Institute of Standards and Technology,$c1954.
=300  \\$a1 online resource.
=336  \\$atext$btxt$2rdacontent
=337  \\$acomputer$bc$2rdamedia
=338  \\$aonline resource$bcr$2rdacarrier
=490  1\$aNBS report ;$v3481
=500  \\$a1954.
=500  \\$aContributed record: Metadata reviewed, not verified. Some fields updated by batch processes.
=500  \\$aTitle from PDF title page.
=504  \\$aIncludes bibliographical references.
=700  1\$aClatworthy, W. H.
=700  1\$aConnor, W. S.
=700  1\$aZelen, M.
=710  1\$aUnited States.$bNational Bureau of Standards.
=830  \0$aNBS report ;$v3481.
=856  4\$uhttps://dx.doi.org/10.6028/NBS.RPT.3481
=856  4\$zAddress at time of PURL creation$uhttps://www.govinfo.gov/content/pkg/GOVPUB-C13-5e30737077bbf7a0ac95a5e847986b83/pdf/GOVPUB-C13-5e30737077bbf7a0ac95a5e847986b83.pdf
=856  40$uhttps://purl.fdlp.gov/GPO/gpo98495
=049  \\$aGPOO
=922  \\$aBatch-processed
=922  \\$aNIST-1$b20180815

