=LDR  01727nam  2200421Ia 45e0
=001  001076557
=003  OCoLC
=005  20180711120943.0
=008  160829s1954\\\\mdu\\\\\ob\\\f000\0\eng\d
=024  8\$aGOVPUB-C13-3ac7337d09c18453c3d5625911c817c1
=035  \\$a(OCoLC)957470256
=040  \\$aNBS$beng$erda$cNBS$dOCLCO$dOCLCF$dOCLCQ
=086  0\$aC 13.38:3685
=100  1\$aCoblentz, Carl W.
=245  10$aProgress report on engine air cleaning :$bJuly 1 to September 30, 1954 /$cCarl W. Coblentz.
=264  \1$aGaithersburg, MD :$bU.S. Dept. of Commerce, National Institute of Standards and Technology,$c1954.
=300  \\$a1 online resource.
=336  \\$atext$btxt$2rdacontent
=337  \\$acomputer$bc$2rdamedia
=338  \\$aonline resource$bcr$2rdacarrier
=490  1\$aNBS report ;$v3685
=500  \\$a1954.
=500  \\$aContributed record: Metadata reviewed, not verified. Some fields updated by batch processes.
=500  \\$aTitle from PDF title page.
=504  \\$aIncludes bibliographical references.
=650  \0$aAir filters$xTesting.
=650  \0$aAirplanes$xMotors$xTesting.
=650  \7$aAir filters$xTesting.$2fast$0(OCoLC)fst00802369
=650  \7$aAirplanes$xMotors$xTesting.$2fast$0(OCoLC)fst00803356
=700  1\$aCoblentz, Carl W.
=710  1\$aUnited States.$bNational Bureau of Standards.
=830  \0$aNBS report ;$v3685.
=856  4\$uhttps://dx.doi.org/10.6028/NBS.RPT.3685
=856  4\$zAddress at time of PURL creation$uhttps://www.govinfo.gov/content/pkg/GOVPUB-C13-3ac7337d09c18453c3d5625911c817c1/pdf/GOVPUB-C13-3ac7337d09c18453c3d5625911c817c1.pdf
=856  40$uhttps://purl.fdlp.gov/GPO/gpo96772
=049  \\$aGPOO
=922  \\$aBatch-processed
=922  \\$aNIST-1$b20180815

