=LDR  01630nam  2200409Ia 45e0
=001  001077140
=003  OCoLC
=005  20180711120943.0
=008  160829s1954\\\\mdu\\\\\ob\\\f000\0\eng\d
=024  8\$aGOVPUB-C13-d303d8f89ea20f0236eb66e7446993c6
=035  \\$a(OCoLC)957470243
=040  \\$aNBS$beng$erda$cNBS$dOCLCO$dOCLCF$dOCLCQ
=086  0\$aC 13.38:3396
=100  1\$aCole, Selden D.
=245  10$aGlass fiber ducts in Coleman blender units /$cSelden D. Cole, Paul R. Achenbach.
=264  \1$aGaithersburg, MD :$bU.S. Dept. of Commerce, National Institute of Standards and Technology,$c1954.
=300  \\$a1 online resource.
=336  \\$atext$btxt$2rdacontent
=337  \\$acomputer$bc$2rdamedia
=338  \\$aonline resource$bcr$2rdacarrier
=490  1\$aNBS report ;$v3396
=500  \\$a1954.
=500  \\$aContributed record: Metadata reviewed, not verified. Some fields updated by batch processes.
=500  \\$aTitle from PDF title page.
=504  \\$aIncludes bibliographical references.
=650  \0$aAir ducts$xTesting.
=650  \7$aAir ducts$xTesting.$2fast$0(OCoLC)fst00802362
=700  1\$aAchenbach, Paul R.
=700  1\$aCole, Selden D.
=710  1\$aUnited States.$bNational Bureau of Standards.
=830  \0$aNBS report ;$v3396.
=856  4\$uhttps://dx.doi.org/10.6028/NBS.RPT.3396
=856  4\$zAddress at time of PURL creation$uhttps://www.govinfo.gov/content/pkg/GOVPUB-C13-d303d8f89ea20f0236eb66e7446993c6/pdf/GOVPUB-C13-d303d8f89ea20f0236eb66e7446993c6.pdf
=856  40$uhttps://purl.fdlp.gov/GPO/gpo103323
=049  \\$aGPOO
=922  \\$aBatch-processed
=922  \\$aNIST-1$b20180815

