=LDR  01660nam  2200397Ia 45e0
=001  001076590
=003  OCoLC
=005  20180711120936.0
=008  161006s1954\\\\mdu\\\\\ob\\\f000\0\eng\d
=024  8\$aGOVPUB-C13-43e0644ac78c87eb6499aadaca56be31
=035  \\$a(OCoLC)959982992
=040  \\$aNBS$beng$erda$cNBS$dOCLCO$dOCLCF$dOCLCQ
=086  0\$aC 13.38:3804
=100  1\$aCook, Herbert D.
=245  12$aA study of print reading systems leading to a proposed reader for typewritten material /$cHerbert D. Cook.
=264  \1$aGaithersburg, MD :$bU.S. Dept. of Commerce, National Institute of Standards and Technology,$c1954.
=300  \\$a1 online resource.
=336  \\$atext$btxt$2rdacontent
=337  \\$acomputer$bc$2rdamedia
=338  \\$aonline resource$bcr$2rdacarrier
=490  1\$aNBS report ;$v3804
=500  \\$a1954.
=500  \\$aContributed record: Metadata reviewed, not verified. Some fields updated by batch processes.
=500  \\$aTitle from PDF title page.
=504  \\$aIncludes bibliographical references.
=650  \0$aOptical character recognition devices.
=650  \7$aOptical character recognition devices.$2fast$0(OCoLC)fst01046643
=700  1\$aCook, Herbert D.
=710  1\$aUnited States.$bNational Bureau of Standards.
=830  \0$aNBS report ;$v3804.
=856  4\$uhttps://dx.doi.org/10.6028/NBS.RPT.3804
=856  4\$zAddress at time of PURL creation$uhttps://www.govinfo.gov/content/pkg/GOVPUB-C13-43e0644ac78c87eb6499aadaca56be31/pdf/GOVPUB-C13-43e0644ac78c87eb6499aadaca56be31.pdf
=856  40$uhttps://purl.fdlp.gov/GPO/gpo97207
=049  \\$aGPOO
=922  \\$aBatch-processed
=922  \\$aNIST-1$b20180815

