=LDR  01635nam  2200397Ia 45e0
=001  001076878
=003  OCoLC
=005  20180711121001.0
=008  161006s1954\\\\mdu\\\\\ob\\\f000\0\eng\d
=024  8\$aGOVPUB-C13-9082774d86f368f7201c03719b097055
=035  \\$a(OCoLC)959982890
=040  \\$aNBS$beng$erda$cNBS$dOCLCO$dOCLCF$dOCLCQ
=086  0\$aC 13.38:3087
=100  1\$aCrouch, E. W.
=245  10$aStudy of optical system for airport traffic signal projector /$cE.W. Crouch.
=264  \1$aGaithersburg, MD :$bU.S. Dept. of Commerce, National Institute of Standards and Technology,$c1954.
=300  \\$a1 online resource.
=336  \\$atext$btxt$2rdacontent
=337  \\$acomputer$bc$2rdamedia
=338  \\$aonline resource$bcr$2rdacarrier
=490  1\$aNBS report ;$v3087
=500  \\$a1954.
=500  \\$aContributed record: Metadata reviewed, not verified. Some fields updated by batch processes.
=500  \\$aTitle from PDF title page.
=504  \\$aIncludes bibliographical references.
=650  \0$aAirports$xTraffic control$xDisplay systems.
=650  \7$aAirports$xTraffic control$xDisplay systems.$2fast$0(OCoLC)fst00803841
=700  1\$aCrouch, E. W.
=710  1\$aUnited States.$bNational Bureau of Standards.
=830  \0$aNBS report ;$v3087.
=856  4\$uhttps://dx.doi.org/10.6028/NBS.RPT.3087
=856  4\$zAddress at time of PURL creation$uhttps://www.govinfo.gov/content/pkg/GOVPUB-C13-9082774d86f368f7201c03719b097055/pdf/GOVPUB-C13-9082774d86f368f7201c03719b097055.pdf
=856  40$uhttps://purl.fdlp.gov/GPO/gpo100639
=049  \\$aGPOO
=922  \\$aBatch-processed
=922  \\$aNIST-1$b20180815

