=LDR  01602nam  2200397Ia 45e0
=001  001077241
=003  OCoLC
=005  20180711121003.0
=008  161006s1954\\\\mdu\\\\\ob\\\f000\0\eng\d
=024  8\$aGOVPUB-C13-ec5f50ee3af34bd930463f2413be2405
=035  \\$a(OCoLC)959982993
=040  \\$aNBS$beng$erda$cNBS$dOCLCO$dOCLCF$dOCLCQ
=086  0\$aC 13.38:3830
=100  1\$aCrouch, R. W.
=245  10$aIsocandle distribution and life of preproduction 100-PAR56 lamp for lead-in systems /$cR.W. Crouch.
=264  \1$aGaithersburg, MD :$bU.S. Dept. of Commerce, National Institute of Standards and Technology,$c1954.
=300  \\$a1 online resource.
=336  \\$atext$btxt$2rdacontent
=337  \\$acomputer$bc$2rdamedia
=338  \\$aonline resource$bcr$2rdacarrier
=490  1\$aNBS report ;$v3830
=500  \\$a1954.
=500  \\$aContributed record: Metadata reviewed, not verified. Some fields updated by batch processes.
=500  \\$aTitle from PDF title page.
=504  \\$aIncludes bibliographical references.
=650  \0$aElectric lamps.
=650  \7$aElectric lamps.$2fast$0(OCoLC)fst00905037
=700  1\$aCrouch, R. W.
=710  1\$aUnited States.$bNational Bureau of Standards.
=830  \0$aNBS report ;$v3830.
=856  4\$uhttps://dx.doi.org/10.6028/NBS.RPT.3830
=856  4\$zAddress at time of PURL creation$uhttps://www.govinfo.gov/content/pkg/GOVPUB-C13-ec5f50ee3af34bd930463f2413be2405/pdf/GOVPUB-C13-ec5f50ee3af34bd930463f2413be2405.pdf
=856  40$uhttps://purl.fdlp.gov/GPO/gpo104643
=049  \\$aGPOO
=922  \\$aBatch-processed
=922  \\$aNIST-1$b20180815

