=LDR  01553nam  2200385Ia 45e0
=001  001076376
=003  OCoLC
=005  20180711120940.0
=008  160829s1954\\\\mdu\\\\\ob\\\f000\0\eng\d
=024  8\$aGOVPUB-C13-0dda7077830da4f26f488ba26bbe7cf7
=035  \\$a(OCoLC)957470082
=040  \\$aNBS$beng$erda$cNBS$dOCLCO$dOCLCQ
=086  0\$aC 13.38:3258
=100  1\$aCunningham, James A.
=245  12$aA multi-channel pulse height analyzer using a CR storage tube /$cJames A. Cunningham.
=264  \1$aGaithersburg, MD :$bU.S. Dept. of Commerce, National Institute of Standards and Technology,$c1954.
=300  \\$a1 online resource.
=336  \\$atext$btxt$2rdacontent
=337  \\$acomputer$bc$2rdamedia
=338  \\$aonline resource$bcr$2rdacarrier
=490  1\$aNBS report ;$v3258
=500  \\$a1954.
=500  \\$aContributed record: Metadata reviewed, not verified. Some fields updated by batch processes.
=500  \\$aTitle from PDF title page.
=504  \\$aIncludes bibliographical references.
=650  \0$aPulse height analyzers$xTesting.
=700  1\$aCunningham, James A.
=710  1\$aUnited States.$bNational Bureau of Standards.
=830  \0$aNBS report ;$v3258.
=856  4\$uhttps://dx.doi.org/10.6028/NBS.RPT.3258
=856  4\$zAddress at time of PURL creation$uhttps://www.govinfo.gov/content/pkg/GOVPUB-C13-0dda7077830da4f26f488ba26bbe7cf7/pdf/GOVPUB-C13-0dda7077830da4f26f488ba26bbe7cf7.pdf
=856  40$uhttps://purl.fdlp.gov/GPO/gpo94823
=049  \\$aGPOO
=922  \\$aBatch-processed
=922  \\$aNIST-1$b20180815

