=LDR  01588nam  2200397Ia 45e0
=001  001076624
=003  OCoLC
=005  20180711121001.0
=008  161006s1954\\\\mdu\\\\\ob\\\f000\0\eng\d
=024  8\$aGOVPUB-C13-4a65c3f94ecf190f3f66e866028dfaa9
=035  \\$a(OCoLC)959982894
=040  \\$aNBS$beng$erda$cNBS$dOCLCO$dOCLCF$dOCLCQ
=086  0\$aC 13.38:3260
=100  1\$aDavis, James E.
=245  10$aReport of a survey of visual landing aids /$cJames E. Davis.
=264  \1$aGaithersburg, MD :$bU.S. Dept. of Commerce, National Institute of Standards and Technology,$c1954.
=300  \\$a1 online resource.
=336  \\$atext$btxt$2rdacontent
=337  \\$acomputer$bc$2rdamedia
=338  \\$aonline resource$bcr$2rdacarrier
=490  1\$aNBS report ;$v3260
=500  \\$a1954.
=500  \\$aContributed record: Metadata reviewed, not verified. Some fields updated by batch processes.
=500  \\$aTitle from PDF title page.
=504  \\$aIncludes bibliographical references.
=650  \0$aLanding aids (Aeronautics)
=650  \7$aLanding aids (Aeronautics)$2fast$0(OCoLC)fst00991698
=700  1\$aDavis, James E.
=710  1\$aUnited States.$bNational Bureau of Standards.
=830  \0$aNBS report ;$v3260.
=856  4\$uhttps://dx.doi.org/10.6028/NBS.RPT.3260
=856  4\$zAddress at time of PURL creation$uhttps://www.govinfo.gov/content/pkg/GOVPUB-C13-4a65c3f94ecf190f3f66e866028dfaa9/pdf/GOVPUB-C13-4a65c3f94ecf190f3f66e866028dfaa9.pdf
=856  40$uhttps://purl.fdlp.gov/GPO/gpo97597
=049  \\$aGPOO
=922  \\$aBatch-processed
=922  \\$aNIST-1$b20180815

