=LDR  01628nam  2200397Ia 45e0
=001  001076951
=003  OCoLC
=005  20180711121001.0
=008  161006s1954\\\\mdu\\\\\ob\\\f000\0\eng\d
=024  8\$aGOVPUB-C13-a52170ac0893590253e591268383db20
=035  \\$a(OCoLC)959982886
=040  \\$aNBS$beng$erda$cNBS$dOCLCO$dOCLCQ
=086  0\$aC 13.38:3046
=100  1\$aDouglas, C. A.
=245  10$aVisual Landing Aids Field Service Operation :$bprogress report for the period December 1, 1952 to November 30, 1953 /$cC.A. Douglas, J.W. Simeroth, J.E. Davis.
=264  \1$aGaithersburg, MD :$bU.S. Dept. of Commerce, National Institute of Standards and Technology,$c1954.
=300  \\$a1 online resource.
=336  \\$atext$btxt$2rdacontent
=337  \\$acomputer$bc$2rdamedia
=338  \\$aonline resource$bcr$2rdacarrier
=490  1\$aNBS report ;$v3046
=500  \\$a1954.
=500  \\$aContributed record: Metadata reviewed, not verified. Some fields updated by batch processes.
=500  \\$aTitle from PDF title page.
=504  \\$aIncludes bibliographical references.
=700  1\$aDavis, J. E.
=700  1\$aDouglas, C. A.
=700  1\$aSimeroth, J. W.
=710  1\$aUnited States.$bNational Bureau of Standards.
=830  \0$aNBS report ;$v3046.
=856  4\$uhttps://dx.doi.org/10.6028/NBS.RPT.3046
=856  4\$zAddress at time of PURL creation$uhttps://www.govinfo.gov/content/pkg/GOVPUB-C13-a52170ac0893590253e591268383db20/pdf/GOVPUB-C13-a52170ac0893590253e591268383db20.pdf
=856  40$uhttps://purl.fdlp.gov/GPO/gpo101446
=049  \\$aGPOO
=922  \\$aBatch-processed
=922  \\$aNIST-1$b20180815

