=LDR  01826nam  2200433Ia 45e0
=001  001076337
=003  OCoLC
=005  20180711120934.0
=008  160829s1954\\\\mdu\\\\\ob\\\f000\0\eng\d
=024  8\$aGOVPUB-C13-03871ec03da489d6db2b820f77bdad45
=035  \\$a(OCoLC)957470219
=040  \\$aNBS$beng$erda$cNBS$dOCLCO$dOCLCF$dOCLCQ
=086  0\$aC 13.38:3079
=100  1\$aFishburn, Cyrus Charles,$d1892-
=245  10$aRequirements for concrete-masonry construction (revision of NBS report 2462) /$cCyrus C. Fishburn.
=264  \1$aGaithersburg, MD :$bU.S. Dept. of Commerce, National Institute of Standards and Technology,$c1954.
=300  \\$a1 online resource.
=336  \\$atext$btxt$2rdacontent
=337  \\$acomputer$bc$2rdamedia
=338  \\$aonline resource$bcr$2rdacarrier
=490  1\$aNBS report ;$v3079
=500  \\$a1954.
=500  \\$aContributed record: Metadata reviewed, not verified. Some fields updated by batch processes.
=500  \\$aTitle from PDF title page.
=504  \\$aIncludes bibliographical references.
=650  \0$aConcrete masonry$xSpecifications.
=650  \0$aConcrete masonry$xTesting.
=650  \7$aConcrete masonry$xTesting.$2fast$0(OCoLC)fst00874330
=650  \7$aConcrete masonry.$2fast$0(OCoLC)fst00874327
=655  \7$aSpecifications.$2fast$0(OCoLC)fst01423860
=700  1\$aFishburn, Cyrus Charles,$d1892-
=710  1\$aUnited States.$bNational Bureau of Standards.
=830  \0$aNBS report ;$v3079.
=856  4\$uhttps://dx.doi.org/10.6028/NBS.RPT.3079
=856  4\$zAddress at time of PURL creation$uhttps://www.govinfo.gov/content/pkg/GOVPUB-C13-03871ec03da489d6db2b820f77bdad45/pdf/GOVPUB-C13-03871ec03da489d6db2b820f77bdad45.pdf
=856  40$uhttps://purl.fdlp.gov/GPO/gpo94477
=049  \\$aGPOO
=922  \\$aBatch-processed
=922  \\$aNIST-1$b20180815

