=LDR  01643nam  2200397Ia 45e0
=001  001076922
=003  OCoLC
=005  20180711120943.0
=008  160829s1954\\\\mdu\\\\\ob\\\f000\0\eng\d
=024  8\$aGOVPUB-C13-9d1c642229458f29fa085cfd5d21342d
=035  \\$a(OCoLC)957470226
=040  \\$aNBS$beng$erda$cNBS$dOCLCO$dOCLCQ
=086  0\$aC 13.38:3203
=100  1\$aFujii, Minoru.
=245  10$aCapacity tests of two refrigeration compressors Thermo-King, model 4R and Universal, model VFP /$cMinoru Fujii, C.W. Phillips, P.R. Achenbach.
=264  \1$aGaithersburg, MD :$bU.S. Dept. of Commerce, National Institute of Standards and Technology,$c1954.
=300  \\$a1 online resource.
=336  \\$atext$btxt$2rdacontent
=337  \\$acomputer$bc$2rdamedia
=338  \\$aonline resource$bcr$2rdacarrier
=490  1\$aNBS report ;$v3203
=500  \\$a1954.
=500  \\$aContributed record: Metadata reviewed, not verified. Some fields updated by batch processes.
=500  \\$aTitle from PDF title page.
=504  \\$aIncludes bibliographical references.
=700  1\$aAchenbach, P. R.
=700  1\$aFujii, Minoru.
=700  1\$aPhillips, C. W.$q(Clinton Woodward),$d1919-
=710  1\$aUnited States.$bNational Bureau of Standards.
=830  \0$aNBS report ;$v3203.
=856  4\$uhttps://dx.doi.org/10.6028/NBS.RPT.3203
=856  4\$zAddress at time of PURL creation$uhttps://www.govinfo.gov/content/pkg/GOVPUB-C13-9d1c642229458f29fa085cfd5d21342d/pdf/GOVPUB-C13-9d1c642229458f29fa085cfd5d21342d.pdf
=856  40$uhttps://purl.fdlp.gov/GPO/gpo101132
=049  \\$aGPOO
=922  \\$aBatch-processed
=922  \\$aNIST-1$b20180815

