=LDR  01608nam  2200397Ia 45e0
=001  001076390
=003  OCoLC
=005  20180711120940.0
=008  160829s1954\\\\mdu\\\\\ob\\\f000\0\eng\d
=024  8\$aGOVPUB-C13-1294756e09071f0de7e0467f916b3d63
=035  \\$a(OCoLC)957470088
=040  \\$aNBS$beng$erda$cNBS$dOCLCO$dOCLCF$dOCLCQ
=086  0\$aC 13.38:3625
=100  1\$aGenensky, S. M.$q(Samuel M.)
=245  12$aA problem in self-heating of a spherical body /$cSamuel M. Genensky.
=264  \1$aGaithersburg, MD :$bU.S. Dept. of Commerce, National Institute of Standards and Technology,$c1954.
=300  \\$a1 online resource.
=336  \\$atext$btxt$2rdacontent
=337  \\$acomputer$bc$2rdamedia
=338  \\$aonline resource$bcr$2rdacarrier
=490  1\$aNBS report ;$v3625
=500  \\$a1954.
=500  \\$aContributed record: Metadata reviewed, not verified. Some fields updated by batch processes.
=500  \\$aTitle from PDF title page.
=504  \\$aIncludes bibliographical references.
=650  \0$aHeat$xTransmission.
=650  \7$aHeat$xTransmission.$2fast$0(OCoLC)fst00953826
=700  1\$aGenensky, S. M.$q(Samuel M.)
=710  1\$aUnited States.$bNational Bureau of Standards.
=830  \0$aNBS report ;$v3625.
=856  4\$uhttps://dx.doi.org/10.6028/NBS.RPT.3625
=856  4\$zAddress at time of PURL creation$uhttps://www.govinfo.gov/content/pkg/GOVPUB-C13-1294756e09071f0de7e0467f916b3d63/pdf/GOVPUB-C13-1294756e09071f0de7e0467f916b3d63.pdf
=856  40$uhttps://purl.fdlp.gov/GPO/gpo95005
=049  \\$aGPOO
=922  \\$aBatch-processed
=922  \\$aNIST-1$b20180815

