=LDR  01681nam  2200397Ia 45e0
=001  001077200
=003  OCoLC
=005  20180711120940.0
=008  160829s1954\\\\mdu\\\\\ob\\\f000\0\eng\d
=024  8\$aGOVPUB-C13-df8059c7e3fed229e28221717c51c55a
=035  \\$a(OCoLC)957470087
=040  \\$aNBS$beng$erda$cNBS$dOCLCO$dOCLCF$dOCLCQ
=086  0\$aC 13.38:3616
=100  1\$aGreenfeld, Sidney H.
=245  10$aLaboratory studies of several factors affecting the behavior of some minerals as stabilizers for asphalt roofing /$cSidney H. Greenfeld.
=264  \1$aGaithersburg, MD :$bU.S. Dept. of Commerce, National Institute of Standards and Technology,$c1954.
=300  \\$a1 online resource.
=336  \\$atext$btxt$2rdacontent
=337  \\$acomputer$bc$2rdamedia
=338  \\$aonline resource$bcr$2rdacarrier
=490  1\$aNBS report ;$v3616
=500  \\$a1954.
=500  \\$aContributed record: Metadata reviewed, not verified. Some fields updated by batch processes.
=500  \\$aTitle from PDF title page.
=504  \\$aIncludes bibliographical references.
=650  \0$aRoofing, Bituminous$xTesting.
=650  \7$aRoofing, Bituminous$xTesting.$2fast$0(OCoLC)fst01100301
=700  1\$aGreenfeld, Sidney H.
=710  1\$aUnited States.$bNational Bureau of Standards.
=830  \0$aNBS report ;$v3616.
=856  4\$uhttps://dx.doi.org/10.6028/NBS.RPT.3616
=856  4\$zAddress at time of PURL creation$uhttps://www.govinfo.gov/content/pkg/GOVPUB-C13-df8059c7e3fed229e28221717c51c55a/pdf/GOVPUB-C13-df8059c7e3fed229e28221717c51c55a.pdf
=856  40$uhttps://purl.fdlp.gov/GPO/gpo104091
=049  \\$aGPOO
=922  \\$aBatch-processed
=922  \\$aNIST-1$b20180815

