=LDR  01770nam  2200433Ia 45e0
=001  001077242
=003  OCoLC
=005  20180711121001.0
=008  161006s1954\\\\mdu\\\\\ob\\\f000\0\eng\d
=024  8\$aGOVPUB-C13-ecad97ae75e3d54f7b27814ed9783ee8
=035  \\$a(OCoLC)959982900
=040  \\$aNBS$beng$erda$cNBS$dOCLCO$dOCLCF$dOCLCQ
=086  0\$aC 13.38:3380
=100  1\$aHansen, William C.
=245  10$aMeasurement of strain in methyl methacrylate caused by water sorption /$cWilliam C. Hansen, William T. Sweeney.
=264  \1$aGaithersburg, MD :$bU.S. Dept. of Commerce, National Institute of Standards and Technology,$c1954.
=300  \\$a1 online resource.
=336  \\$atext$btxt$2rdacontent
=337  \\$acomputer$bc$2rdamedia
=338  \\$aonline resource$bcr$2rdacarrier
=490  1\$aNBS report ;$v3380
=500  \\$a1954.
=500  \\$aContributed record: Metadata reviewed, not verified. Some fields updated by batch processes.
=500  \\$aTitle from PDF title page.
=504  \\$aIncludes bibliographical references.
=650  \0$aDentistry$xResearch.
=650  \0$aMethyl methacrylate.
=650  \7$aDentistry$xResearch.$2fast$0(OCoLC)fst00890671
=650  \7$aMethyl methacrylate.$2fast$0(OCoLC)fst01018759
=700  1\$aHansen, William C.
=700  1\$aSweeney, William T.
=710  1\$aUnited States.$bNational Bureau of Standards.
=830  \0$aNBS report ;$v3380.
=856  4\$uhttps://dx.doi.org/10.6028/NBS.RPT.3380
=856  4\$zAddress at time of PURL creation$uhttps://www.govinfo.gov/content/pkg/GOVPUB-C13-ecad97ae75e3d54f7b27814ed9783ee8/pdf/GOVPUB-C13-ecad97ae75e3d54f7b27814ed9783ee8.pdf
=856  40$uhttps://purl.fdlp.gov/GPO/gpo104653
=049  \\$aGPOO
=922  \\$aBatch-processed
=922  \\$aNIST-1$b20180815

