=LDR  01820nam  2200433Ia 45e0
=001  001076402
=003  OCoLC
=005  20180711121003.0
=008  161006s1954\\\\mdu\\\\\ob\\\f000\0\eng\d
=024  8\$aGOVPUB-C13-1686c08eaac0445c7d79132c04b9eff2
=035  \\$a(OCoLC)959982998
=040  \\$aNBS$beng$erda$cNBS$dOCLCO$dOCLCF$dOCLCQ
=086  0\$aC 13.38:3956
=100  1\$aHudson, Donald C.
=245  10$aUse of ionization chambers in obtaining data on radiation at points within the head during dental x-ray exposure :$bprogress report /$cDonald C. Hudson, John W. Kumpula.
=264  \1$aGaithersburg, MD :$bU.S. Dept. of Commerce, National Institute of Standards and Technology,$c1954.
=300  \\$a1 online resource.
=336  \\$atext$btxt$2rdacontent
=337  \\$acomputer$bc$2rdamedia
=338  \\$aonline resource$bcr$2rdacarrier
=490  1\$aNBS report ;$v3956
=500  \\$a1954.
=500  \\$aContributed record: Metadata reviewed, not verified. Some fields updated by batch processes.
=500  \\$aTitle from PDF title page.
=504  \\$aIncludes bibliographical references.
=650  \0$aDentistry$xResearch.
=650  \0$aTeeth$xRadiography.
=650  \7$aDentistry$xResearch.$2fast$0(OCoLC)fst00890671
=650  \7$aTeeth$xRadiography.$2fast$0(OCoLC)fst01145758
=700  1\$aHudson, Donald C.
=700  1\$aKumpula, John W.
=710  1\$aUnited States.$bNational Bureau of Standards.
=830  \0$aNBS report ;$v3956.
=856  4\$uhttps://dx.doi.org/10.6028/NBS.RPT.3956
=856  4\$zAddress at time of PURL creation$uhttps://www.govinfo.gov/content/pkg/GOVPUB-C13-1686c08eaac0445c7d79132c04b9eff2/pdf/GOVPUB-C13-1686c08eaac0445c7d79132c04b9eff2.pdf
=856  40$uhttps://purl.fdlp.gov/GPO/gpo95181
=049  \\$aGPOO
=922  \\$aBatch-processed
=922  \\$aNIST-1$b20180815

