=LDR  01551nam  2200385Ia 45e0
=001  001076483
=003  OCoLC
=005  20180711120943.0
=008  160829s1954\\\\mdu\\\\\ob\\\f000\0\eng\d
=024  8\$aGOVPUB-C13-29132f734c84e08df3797f008f2cb6ba
=035  \\$a(OCoLC)957470264
=040  \\$aNBS$beng$erda$cNBS$dOCLCO$dOCLCQ
=086  0\$aC 13.38:3761
=100  1\$aJansson, Richard N.
=245  10$aDesign and performance of remote thermoshield, NAX-2-51 /$cRichard N. Jansson, Oliver N. McDorman.
=264  \1$aGaithersburg, MD :$bU.S. Dept. of Commerce, National Institute of Standards and Technology,$c1954.
=300  \\$a1 online resource.
=336  \\$atext$btxt$2rdacontent
=337  \\$acomputer$bc$2rdamedia
=338  \\$aonline resource$bcr$2rdacarrier
=490  1\$aNBS report ;$v3761
=500  \\$a1954.
=500  \\$aContributed record: Metadata reviewed, not verified. Some fields updated by batch processes.
=500  \\$aTitle from PDF title page.
=504  \\$aIncludes bibliographical references.
=700  1\$aJansson, Richard N.
=700  1\$aMcDorman, Oliver N.
=710  1\$aUnited States.$bNational Bureau of Standards.
=830  \0$aNBS report ;$v3761.
=856  4\$uhttps://dx.doi.org/10.6028/NBS.RPT.3761
=856  4\$zAddress at time of PURL creation$uhttps://www.govinfo.gov/content/pkg/GOVPUB-C13-29132f734c84e08df3797f008f2cb6ba/pdf/GOVPUB-C13-29132f734c84e08df3797f008f2cb6ba.pdf
=856  40$uhttps://purl.fdlp.gov/GPO/gpo96107
=049  \\$aGPOO
=922  \\$aBatch-processed
=922  \\$aNIST-1$b20180815

