=LDR  01492nam  2200373Ia 45e0
=001  001076719
=003  OCoLC
=005  20180711121003.0
=008  161006s1954\\\\mdu\\\\\ob\\\f000\0\eng\d
=024  8\$aGOVPUB-C13-62cc2703eda8161c38e0938337699d33
=035  \\$a(OCoLC)959982988
=040  \\$aNBS$beng$erda$cNBS$dOCLCO$dIUL$dOCLCQ
=086  0\$aC 13.38:3773
=100  1\$aJudd, Deane Brewster,$d1900-1972.
=245  10$aDetermination of color of maximum contrast /$cDeane B. Judd.
=264  \1$aGaithersburg, MD :$bU.S. Dept. of Commerce, National Institute of Standards and Technology,$c1954.
=300  \\$a1 online resource.
=336  \\$atext$btxt$2rdacontent
=337  \\$acomputer$bc$2rdamedia
=338  \\$aonline resource$bcr$2rdacarrier
=490  1\$aNBS report ;$v3773
=500  \\$a1954.
=500  \\$aContributed record: Metadata reviewed, not verified. Some fields updated by batch processes.
=500  \\$aTitle from PDF title page.
=504  \\$aIncludes bibliographical references.
=650  \0$aColor$xTesting.
=710  1\$aUnited States.$bNational Bureau of Standards.
=830  \0$aNBS report ;$v3773.
=856  4\$uhttps://dx.doi.org/10.6028/NBS.RPT.3773
=856  4\$zAddress at time of PURL creation$uhttps://www.govinfo.gov/content/pkg/GOVPUB-C13-62cc2703eda8161c38e0938337699d33/pdf/GOVPUB-C13-62cc2703eda8161c38e0938337699d33.pdf
=856  40$uhttps://purl.fdlp.gov/GPO/gpo98675
=049  \\$aGPOO
=922  \\$aBatch-processed
=922  \\$aNIST-1$b20180815

