=LDR  01622nam  2200397Ia 45e0
=001  001076574
=003  OCoLC
=005  20180711121001.0
=008  161006s1954\\\\mdu\\\\\ob\\\f000\0\eng\d
=024  8\$aGOVPUB-C13-4037f625b753722533a417ff7abfd90e
=035  \\$a(OCoLC)959982901
=040  \\$aNBS$beng$erda$cNBS$dOCLCO$dOCLCQ
=086  0\$aC 13.38:3279
=100  1\$aLeReche, J. A.
=245  10$aReport on an investigation of the feasibility of forced-air cooling of an NBS-modified AVQ-2A aircraft searchlight /$cJ.A. LeReche, J.W. Lane.
=264  \1$aGaithersburg, MD :$bU.S. Dept. of Commerce, National Institute of Standards and Technology,$c1954.
=300  \\$a1 online resource.
=336  \\$atext$btxt$2rdacontent
=337  \\$acomputer$bc$2rdamedia
=338  \\$aonline resource$bcr$2rdacarrier
=490  1\$aNBS report ;$v3279
=500  \\$a1954.
=500  \\$aContributed record: Metadata reviewed, not verified. Some fields updated by batch processes.
=500  \\$aTitle from PDF title page.
=504  \\$aIncludes bibliographical references.
=650  \0$aSearchlights$xCooling.
=700  1\$aLane, J. W.,$cSr.
=700  1\$aLeReche, J. A.
=710  1\$aUnited States.$bNational Bureau of Standards.
=830  \0$aNBS report ;$v3279.
=856  4\$uhttps://dx.doi.org/10.6028/NBS.RPT.3279
=856  4\$zAddress at time of PURL creation$uhttps://www.govinfo.gov/content/pkg/GOVPUB-C13-4037f625b753722533a417ff7abfd90e/pdf/GOVPUB-C13-4037f625b753722533a417ff7abfd90e.pdf
=856  40$uhttps://purl.fdlp.gov/GPO/gpo97083
=049  \\$aGPOO
=922  \\$aBatch-processed
=922  \\$aNIST-1$b20180815

