=LDR  01779nam  2200433Ia 45e0
=001  001077001
=003  OCoLC
=005  20180711120954.0
=008  161006s1954\\\\mdu\\\\\ob\\\f000\0\eng\d
=024  8\$aGOVPUB-C13-b3604b44998b23edb86e7c1e5cd737b9
=035  \\$a(OCoLC)959982403
=040  \\$aNBS$beng$erda$cNBS$dOCLCO$dOCLCF$dOCLCQ
=086  0\$aC 13.38:3176
=100  1\$aLeReche, J. A.
=245  10$aReport on an investigation of the operating characteristics of an NBS obturator-probe focus control in an AN/AVQ-2A aircraft searchlight /$cJ.A. LeReche, J.W. Lane.
=264  \1$aGaithersburg, MD :$bU.S. Dept. of Commerce, National Institute of Standards and Technology,$c1954.
=300  \\$a1 online resource.
=336  \\$atext$btxt$2rdacontent
=337  \\$acomputer$bc$2rdamedia
=338  \\$aonline resource$bcr$2rdacarrier
=490  1\$aNBS report ;$v3176
=500  \\$a1954.
=500  \\$aContributed record: Metadata reviewed, not verified. Some fields updated by batch processes.
=500  \\$aTitle from PDF title page.
=504  \\$aIncludes bibliographical references.
=650  \0$aAirplanes.
=650  \0$aSearchlights.
=650  \7$aAirplanes.$2fast$0(OCoLC)fst00803053
=650  \7$aSearchlights.$2fast$0(OCoLC)fst01716013
=700  1\$aLane, J. W.,$cSr.
=700  1\$aLeReche, J. A.
=710  1\$aUnited States.$bNational Bureau of Standards.
=830  \0$aNBS report ;$v3176.
=856  4\$uhttps://dx.doi.org/10.6028/NBS.RPT.3176
=856  4\$zAddress at time of PURL creation$uhttps://www.govinfo.gov/content/pkg/GOVPUB-C13-b3604b44998b23edb86e7c1e5cd737b9/pdf/GOVPUB-C13-b3604b44998b23edb86e7c1e5cd737b9.pdf
=856  40$uhttps://purl.fdlp.gov/GPO/gpo102014
=049  \\$aGPOO
=922  \\$aBatch-processed
=922  \\$aNIST-1$b20180815

