=LDR  01644nam  2200397Ia 45e0
=001  001076662
=003  OCoLC
=005  20180711120943.0
=008  160829s1954\\\\mdu\\\\\ob\\\f000\0\eng\d
=024  8\$aGOVPUB-C13-543928583e9fe01368ea85aeb4479d0e
=035  \\$a(OCoLC)957470232
=040  \\$aNBS$beng$erda$cNBS$dOCLCO$dOCLCF$dOCLCQ
=086  0\$aC 13.38:3317
=100  1\$aMcBurney, J. W.
=245  10$aReport on cracking in concrete block masonry construction at Naval Supply Depot, Mechanicsburg, PA /$cJ.W. McBurney.
=264  \1$aGaithersburg, MD :$bU.S. Dept. of Commerce, National Institute of Standards and Technology,$c1954.
=300  \\$a1 online resource.
=336  \\$atext$btxt$2rdacontent
=337  \\$acomputer$bc$2rdamedia
=338  \\$aonline resource$bcr$2rdacarrier
=490  1\$aNBS report ;$v3317
=500  \\$a1954.
=500  \\$aContributed record: Metadata reviewed, not verified. Some fields updated by batch processes.
=500  \\$aTitle from PDF title page.
=504  \\$aIncludes bibliographical references.
=650  \0$aConcrete masonry$xTesting.
=650  \7$aConcrete masonry$xTesting.$2fast$0(OCoLC)fst00874330
=700  1\$aMcBurney, J. W.
=710  1\$aUnited States.$bNational Bureau of Standards.
=830  \0$aNBS report ;$v3317.
=856  4\$uhttps://dx.doi.org/10.6028/NBS.RPT.3317
=856  4\$zAddress at time of PURL creation$uhttps://www.govinfo.gov/content/pkg/GOVPUB-C13-543928583e9fe01368ea85aeb4479d0e/pdf/GOVPUB-C13-543928583e9fe01368ea85aeb4479d0e.pdf
=856  40$uhttps://purl.fdlp.gov/GPO/gpo97967
=049  \\$aGPOO
=922  \\$aBatch-processed
=922  \\$aNIST-1$b20180815

