=LDR  01804nam  2200445Ia 45e0
=001  001076369
=003  OCoLC
=005  20180711120943.0
=008  160829s1954\\\\mdu\\\\\ob\\\f000\0\eng\d
=024  8\$aGOVPUB-C13-0a2267e81a8c17afdfb8a42673c0d62e
=035  \\$a(OCoLC)957470252
=040  \\$aNBS$beng$erda$cNBS$dOCLCO$dOCLCF$dOCLCQ
=086  0\$aC 13.38:3424
=100  1\$aMitchell, Nolan D.
=245  10$aReport of examination of perlite-gypsum concrete roof deck, Gentile Air Force Base, Dayton, Ohio /$cNolan D. Mitchell.
=264  \1$aGaithersburg, MD :$bU.S. Dept. of Commerce, National Institute of Standards and Technology,$c1954.
=300  \\$a1 online resource.
=336  \\$atext$btxt$2rdacontent
=337  \\$acomputer$bc$2rdamedia
=338  \\$aonline resource$bcr$2rdacarrier
=490  1\$aNBS report ;$v3424
=500  \\$a1954.
=500  \\$aContributed record: Metadata reviewed, not verified. Some fields updated by batch processes.
=500  \\$aTitle from PDF title page.
=504  \\$aIncludes bibliographical references.
=650  \0$aGypsum.
=650  \0$aPerlite.
=650  \0$aRoofing, Concrete$xTesting.
=650  \7$aGypsum.$2fast$0(OCoLC)fst00949721
=650  \7$aPerlite.$2fast$0(OCoLC)fst01058229
=650  \7$aRoofing, Concrete$xTesting.$2fast$0(OCoLC)fst01100304
=700  1\$aMitchell, Nolan D.
=710  1\$aUnited States.$bNational Bureau of Standards.
=830  \0$aNBS report ;$v3424.
=856  4\$uhttps://dx.doi.org/10.6028/NBS.RPT.3424
=856  4\$zAddress at time of PURL creation$uhttps://www.govinfo.gov/content/pkg/GOVPUB-C13-0a2267e81a8c17afdfb8a42673c0d62e/pdf/GOVPUB-C13-0a2267e81a8c17afdfb8a42673c0d62e.pdf
=856  40$uhttps://purl.fdlp.gov/GPO/gpo94670
=049  \\$aGPOO
=922  \\$aBatch-processed
=922  \\$aNIST-1$b20180815

