=LDR  01722nam  2200421Ia 45e0
=001  001077153
=003  OCoLC
=005  20180711120943.0
=008  160829s1954\\\\mdu\\\\\ob\\\f000\0\eng\d
=024  8\$aGOVPUB-C13-d5d11cf0f72f18aff8e5d23b37701e22
=035  \\$a(OCoLC)957470235
=040  \\$aNBS$beng$erda$cNBS$dOCLCO$dOCLCF$dOCLCQ
=086  0\$aC 13.38:3325
=100  1\$aMitchell, Nolan D.
=245  10$aInspection and tests of plaster Alaska Native Service Hospital and Quarters buildings /$cNolan D. Mitchell.
=264  \1$aGaithersburg, MD :$bU.S. Dept. of Commerce, National Institute of Standards and Technology,$c1954.
=300  \\$a1 online resource.
=336  \\$atext$btxt$2rdacontent
=337  \\$acomputer$bc$2rdamedia
=338  \\$aonline resource$bcr$2rdacarrier
=490  1\$aNBS report ;$v3325
=500  \\$a1954.
=500  \\$aContributed record: Metadata reviewed, not verified. Some fields updated by batch processes.
=500  \\$aTitle from PDF title page.
=504  \\$aIncludes bibliographical references.
=650  \0$aBuilding materials.
=650  \0$aPlaster$xTesting.
=650  \7$aBuilding materials.$2fast$0(OCoLC)fst00840723
=650  \7$aPlaster$xTesting.$2fast$0(OCoLC)fst01066412
=700  1\$aMitchell, Nolan D.
=710  1\$aUnited States.$bNational Bureau of Standards.
=830  \0$aNBS report ;$v3325.
=856  4\$uhttps://dx.doi.org/10.6028/NBS.RPT.3325
=856  4\$zAddress at time of PURL creation$uhttps://www.govinfo.gov/content/pkg/GOVPUB-C13-d5d11cf0f72f18aff8e5d23b37701e22/pdf/GOVPUB-C13-d5d11cf0f72f18aff8e5d23b37701e22.pdf
=856  40$uhttps://purl.fdlp.gov/GPO/gpo103438
=049  \\$aGPOO
=922  \\$aBatch-processed
=922  \\$aNIST-1$b20180815

