=LDR  01640nam  2200397Ia 45e0
=001  001077274
=003  OCoLC
=005  20180711120943.0
=008  160829s1954\\\\mdu\\\\\ob\\\f000\0\eng\d
=024  8\$aGOVPUB-C13-f446379f6ca9e20d5b4910ed5b79164c
=035  \\$a(OCoLC)957470251
=040  \\$aNBS$beng$erda$cNBS$dOCLCO$dOCLCQ
=086  0\$aC 13.38:3399
=100  1\$aPendergast, W. L.
=245  10$aEvaluation of refractory qualities of concretes for jet aircraft warm up, power check, and maintenance aprons /$cW.L. Pendergast, R.A. Clevenger, Edward C. Tuma.
=264  \1$aGaithersburg, MD :$bU.S. Dept. of Commerce, National Institute of Standards and Technology,$c1954.
=300  \\$a1 online resource.
=336  \\$atext$btxt$2rdacontent
=337  \\$acomputer$bc$2rdamedia
=338  \\$aonline resource$bcr$2rdacarrier
=490  1\$aNBS report ;$v3399
=500  \\$a1954.
=500  \\$aContributed record: Metadata reviewed, not verified. Some fields updated by batch processes.
=500  \\$aTitle from PDF title page.
=504  \\$aIncludes bibliographical references.
=700  1\$aClevenger, R. A.
=700  1\$aPendergast, W. L.
=700  1\$aTuma, Edward C.
=710  1\$aUnited States.$bNational Bureau of Standards.
=830  \0$aNBS report ;$v3399.
=856  4\$uhttps://dx.doi.org/10.6028/NBS.RPT.3399
=856  4\$zAddress at time of PURL creation$uhttps://www.govinfo.gov/content/pkg/GOVPUB-C13-f446379f6ca9e20d5b4910ed5b79164c/pdf/GOVPUB-C13-f446379f6ca9e20d5b4910ed5b79164c.pdf
=856  40$uhttps://purl.fdlp.gov/GPO/gpo104949
=049  \\$aGPOO
=922  \\$aBatch-processed
=922  \\$aNIST-1$b20180815

