=LDR  01693nam  2200421Ia 45e0
=001  001077256
=003  OCoLC
=005  20180711121001.0
=008  161006s1954\\\\mdu\\\\\ob\\\f000\0\eng\d
=024  8\$aGOVPUB-C13-ef256bed91a063f2fe2db95c0290f241
=035  \\$a(OCoLC)959982885
=040  \\$aNBS$beng$erda$cNBS$dOCLCO$dOCLCF$dOCLCQ
=086  0\$aC 13.38:3003
=100  1\$aRinkinen, Robert S.
=245  10$aModification of cockpit extension lamp assembly, type B-7 /$cRobert S. Rinkinen.
=264  \1$aGaithersburg, MD :$bU.S. Dept. of Commerce, National Institute of Standards and Technology,$c1954.
=300  \\$a1 online resource.
=336  \\$atext$btxt$2rdacontent
=337  \\$acomputer$bc$2rdamedia
=338  \\$aonline resource$bcr$2rdacarrier
=490  1\$aNBS report ;$v3003
=500  \\$a1954.
=500  \\$aContributed record: Metadata reviewed, not verified. Some fields updated by batch processes.
=500  \\$aTitle from PDF title page.
=504  \\$aIncludes bibliographical references.
=650  \0$aAirplanes$xCockpits.
=650  \0$aFloodlighting.
=650  \7$aAirplanes$xCockpits.$2fast$0(OCoLC)fst00803080
=650  \7$aFloodlighting.$2fast$0(OCoLC)fst00927539
=700  1\$aRinkinen, Robert S.
=710  1\$aUnited States.$bNational Bureau of Standards.
=830  \0$aNBS report ;$v3003.
=856  4\$uhttps://dx.doi.org/10.6028/NBS.RPT.3003
=856  4\$zAddress at time of PURL creation$uhttps://www.govinfo.gov/content/pkg/GOVPUB-C13-ef256bed91a063f2fe2db95c0290f241/pdf/GOVPUB-C13-ef256bed91a063f2fe2db95c0290f241.pdf
=856  40$uhttps://purl.fdlp.gov/GPO/gpo104751
=049  \\$aGPOO
=922  \\$aBatch-processed
=922  \\$aNIST-1$b20180815

