=LDR  01586nam  2200397Ia 45e0
=001  001076504
=003  OCoLC
=005  20180711120940.0
=008  160829s1954\\\\mdu\\\\\ob\\\f000\0\eng\d
=024  8\$aGOVPUB-C13-2e8e55134754434555cd3b1e71029e1a
=035  \\$a(OCoLC)957470080
=040  \\$aNBS$beng$erda$cNBS$dOCLCO$dOCLCQ
=086  0\$aC 13.38:3229
=100  1\$aRobertson, A. F.
=245  10$aPreliminary experiments with a radiant panel flame-spread test method /$cA.F. Robertson, R. Kreisler, Daniel Gross.
=264  \1$aGaithersburg, MD :$bU.S. Dept. of Commerce, National Institute of Standards and Technology,$c1954.
=300  \\$a1 online resource.
=336  \\$atext$btxt$2rdacontent
=337  \\$acomputer$bc$2rdamedia
=338  \\$aonline resource$bcr$2rdacarrier
=490  1\$aNBS report ;$v3229
=500  \\$a1954.
=500  \\$aContributed record: Metadata reviewed, not verified. Some fields updated by batch processes.
=500  \\$aTitle from PDF title page.
=504  \\$aIncludes bibliographical references.
=700  1\$aGross, Daniel.
=700  1\$aKreisler, R.
=700  1\$aRobertson, A. F.
=710  1\$aUnited States.$bNational Bureau of Standards.
=830  \0$aNBS report ;$v3229.
=856  4\$uhttps://dx.doi.org/10.6028/NBS.RPT.3229
=856  4\$zAddress at time of PURL creation$uhttps://www.govinfo.gov/content/pkg/GOVPUB-C13-2e8e55134754434555cd3b1e71029e1a/pdf/GOVPUB-C13-2e8e55134754434555cd3b1e71029e1a.pdf
=856  40$uhttps://purl.fdlp.gov/GPO/gpo96259
=049  \\$aGPOO
=922  \\$aBatch-processed
=922  \\$aNIST-1$b20180815

