=LDR  01628nam  2200409Ia 45e0
=001  001077132
=003  OCoLC
=005  20180711120943.0
=008  160829s1954\\\\mdu\\\\\ob\\\f000\0\eng\d
=024  8\$aGOVPUB-C13-d0aae8da9d8b954edad2359ab0dd76ca
=035  \\$a(OCoLC)957470254
=040  \\$aNBS$beng$erda$cNBS$dOCLCO$dOCLCQ$dOCLCF
=086  0\$aC 13.38:3442
=100  1\$aRobinson, H. E.
=245  10$aUnderground pipe insulation :$bprogress report to June 30, 1954 /$cH.E. Robinson.
=264  \1$aGaithersburg, MD :$bU.S. Dept. of Commerce, National Institute of Standards and Technology,$c1954.
=300  \\$a1 online resource.
=336  \\$atext$btxt$2rdacontent
=337  \\$acomputer$bc$2rdamedia
=338  \\$aonline resource$bcr$2rdacarrier
=490  1\$aNBS report ;$v3442
=500  \\$a1954.
=500  \\$aContributed record: Metadata reviewed, not verified. Some fields updated by batch processes.
=500  \\$aTitle from PDF title page.
=504  \\$aIncludes bibliographical references.
=650  \0$aInsulation.
=650  \0$aSteam-pipes$xTesting.
=650  \7$aSteam-pipes$xTesting.$2fast$0(OCoLC)fst01132390
=700  1\$aRobinson, H. E.
=710  1\$aUnited States.$bNational Bureau of Standards.
=830  \0$aNBS report ;$v3442.
=856  4\$uhttps://dx.doi.org/10.6028/NBS.RPT.3442
=856  4\$zAddress at time of PURL creation$uhttps://www.govinfo.gov/content/pkg/GOVPUB-C13-d0aae8da9d8b954edad2359ab0dd76ca/pdf/GOVPUB-C13-d0aae8da9d8b954edad2359ab0dd76ca.pdf
=856  40$uhttps://purl.fdlp.gov/GPO/gpo103235
=049  \\$aGPOO
=922  \\$aBatch-processed
=922  \\$aNIST-1$b20180815

