=LDR  01722nam  2200433Ia 45e0
=001  001077202
=003  OCoLC
=005  20180711120942.0
=008  160829s1954\\\\mdu\\\\\ob\\\f000\0\eng\d
=024  8\$aGOVPUB-C13-e03d654909004ee8996d00ae3758b12a
=035  \\$a(OCoLC)957470216
=040  \\$aNBS$beng$erda$cNBS$dOCLCO$dOCLCF$dOCLCQ
=086  0\$aC 13.38:3030
=100  1\$aRobinson, Henry E.
=245  14$aThe thermal insulating value of air spaces /$cHenry E. Robinson, F.J. Powlitch.
=264  \1$aGaithersburg, MD :$bU.S. Dept. of Commerce, National Institute of Standards and Technology,$c1954.
=300  \\$a1 online resource.
=336  \\$atext$btxt$2rdacontent
=337  \\$acomputer$bc$2rdamedia
=338  \\$aonline resource$bcr$2rdacarrier
=490  1\$aNBS report ;$v3030
=500  \\$a1954.
=500  \\$aContributed record: Metadata reviewed, not verified. Some fields updated by batch processes.
=500  \\$aTitle from PDF title page.
=504  \\$aIncludes bibliographical references.
=650  \0$aHeat$xTransmission.
=650  \0$aNusselt number.
=650  \7$aHeat$xTransmission.$2fast$0(OCoLC)fst00953826
=650  \7$aNusselt number.$2fast$0(OCoLC)fst01042157
=700  1\$aPowlitch, F. J.
=700  1\$aRobinson, Henry E.
=710  1\$aUnited States.$bNational Bureau of Standards.
=830  \0$aNBS report ;$v3030.
=856  4\$uhttps://dx.doi.org/10.6028/NBS.RPT.3030
=856  4\$zAddress at time of PURL creation$uhttps://www.govinfo.gov/content/pkg/GOVPUB-C13-e03d654909004ee8996d00ae3758b12a/pdf/GOVPUB-C13-e03d654909004ee8996d00ae3758b12a.pdf
=856  40$uhttps://purl.fdlp.gov/GPO/gpo104127
=049  \\$aGPOO
=922  \\$aBatch-processed
=922  \\$aNIST-1$b20180815

