=LDR  01660nam  2200397Ia 45e0
=001  001076640
=003  OCoLC
=005  20180711121001.0
=008  161006s1954\\\\mdu\\\\\ob\\\f000\0\eng\d
=024  8\$aGOVPUB-C13-4d5d1b62b16d5bf1eb38873d6d5430fe
=035  \\$a(OCoLC)959982909
=040  \\$aNBS$beng$erda$cNBS$dOCLCO$dOCLCQ
=086  0\$aC 13.38:3357
=100  1\$aRoche, W. A.
=245  10$aQualification tests of lamps supplied to the government by eight contractors during first ten months of contract period September 1, 1953 to August 31, 1954 /$cW.A. Roche, S.W. Wilson, J.E. Jordan.
=264  \1$aGaithersburg, MD :$bU.S. Dept. of Commerce, National Institute of Standards and Technology,$c1954.
=300  \\$a1 online resource.
=336  \\$atext$btxt$2rdacontent
=337  \\$acomputer$bc$2rdamedia
=338  \\$aonline resource$bcr$2rdacarrier
=490  1\$aNBS report ;$v3357
=500  \\$a1954.
=500  \\$aContributed record: Metadata reviewed, not verified. Some fields updated by batch processes.
=500  \\$aTitle from PDF title page.
=504  \\$aIncludes bibliographical references.
=700  1\$aJordan, J. E.
=700  1\$aRoche, W. A.
=700  1\$aWilson, S. W.
=710  1\$aUnited States.$bNational Bureau of Standards.
=830  \0$aNBS report ;$v3357.
=856  4\$uhttps://dx.doi.org/10.6028/NBS.RPT.3357
=856  4\$zAddress at time of PURL creation$uhttps://www.govinfo.gov/content/pkg/GOVPUB-C13-4d5d1b62b16d5bf1eb38873d6d5430fe/pdf/GOVPUB-C13-4d5d1b62b16d5bf1eb38873d6d5430fe.pdf
=856  40$uhttps://purl.fdlp.gov/GPO/gpo97707
=049  \\$aGPOO
=922  \\$aBatch-processed
=922  \\$aNIST-1$b20180815

