=LDR  01783nam  2200457Ia 45e0
=001  001076415
=003  OCoLC
=005  20180711120943.0
=008  160829s1954\\\\mdu\\\\\ob\\\f000\0\eng\d
=024  8\$aGOVPUB-C13-1967dfe74c0bcc932e450cbde604bcd6
=035  \\$a(OCoLC)957470253
=040  \\$aNBS$beng$erda$cNBS$dOCLCO$dOCLCF$dOCLCQ
=086  0\$aC 13.38:3427
=100  1\$aRoeser, W. F.
=245  10$aPrinciples of fire detection in aircraft engine spaces /$cW.F. Roeser, C.S. McCamy.
=264  \1$aGaithersburg, MD :$bU.S. Dept. of Commerce, National Institute of Standards and Technology,$c1954.
=300  \\$a1 online resource.
=336  \\$atext$btxt$2rdacontent
=337  \\$acomputer$bc$2rdamedia
=338  \\$aonline resource$bcr$2rdacarrier
=490  1\$aNBS report ;$v3427
=500  \\$a1954.
=500  \\$aContributed record: Metadata reviewed, not verified. Some fields updated by batch processes.
=500  \\$aTitle from PDF title page.
=504  \\$aIncludes bibliographical references.
=650  \0$aAirplanes$xMotors.
=650  \0$aFire detectors.
=650  \0$aFlame.
=650  \7$aAirplanes$xMotors.$2fast$0(OCoLC)fst00803320
=650  \7$aFire detectors.$2fast$0(OCoLC)fst00925281
=650  \7$aFlame.$2fast$0(OCoLC)fst00926972
=700  1\$aMcCamy, C. S.
=700  1\$aRoeser, W. F.
=710  1\$aUnited States.$bNational Bureau of Standards.
=830  \0$aNBS report ;$v3427.
=856  4\$uhttps://dx.doi.org/10.6028/NBS.RPT.3427
=856  4\$zAddress at time of PURL creation$uhttps://www.govinfo.gov/content/pkg/GOVPUB-C13-1967dfe74c0bcc932e450cbde604bcd6/pdf/GOVPUB-C13-1967dfe74c0bcc932e450cbde604bcd6.pdf
=856  40$uhttps://purl.fdlp.gov/GPO/gpo95346
=049  \\$aGPOO
=922  \\$aBatch-processed
=922  \\$aNIST-1$b20180815

