=LDR  01726nam  2200445Ia 45e0
=001  001076610
=003  OCoLC
=005  20180711120939.0
=008  160829s1954\\\\mdu\\\\\ob\\\f000\0\eng\d
=024  8\$aGOVPUB-C13-476c3657d4dadf37699d088ded956bef
=035  \\$a(OCoLC)957469973
=040  \\$aNBS$beng$erda$cNBS$dOCLCO$dOCLCF$dOCLCQ
=086  0\$aC 13.38:3483
=100  1\$aRoeser, W. F.
=245  10$aAnalysis of tool heating problem /$cW.F. Roeser.
=264  \1$aGaithersburg, MD :$bU.S. Dept. of Commerce, National Institute of Standards and Technology,$c1954.
=300  \\$a1 online resource.
=336  \\$atext$btxt$2rdacontent
=337  \\$acomputer$bc$2rdamedia
=338  \\$aonline resource$bcr$2rdacarrier
=490  1\$aNBS report ;$v3483
=500  \\$a1954.
=500  \\$aContributed record: Metadata reviewed, not verified. Some fields updated by batch processes.
=500  \\$aTitle from PDF title page.
=504  \\$aIncludes bibliographical references.
=650  \0$aCoatings$xTesting.
=650  \0$aHeat$xTransmission.
=650  \0$aTools.
=650  \7$aCoatings$xTesting.$2fast$0(OCoLC)fst00865873
=650  \7$aHeat$xTransmission.$2fast$0(OCoLC)fst00953826
=650  \7$aTools.$2fast$0(OCoLC)fst01152598
=700  1\$aRoeser, W. F.
=710  1\$aUnited States.$bNational Bureau of Standards.
=830  \0$aNBS report ;$v3483.
=856  4\$uhttps://dx.doi.org/10.6028/NBS.RPT.3483
=856  4\$zAddress at time of PURL creation$uhttps://www.govinfo.gov/content/pkg/GOVPUB-C13-476c3657d4dadf37699d088ded956bef/pdf/GOVPUB-C13-476c3657d4dadf37699d088ded956bef.pdf
=856  40$uhttps://purl.fdlp.gov/GPO/gpo97478
=049  \\$aGPOO
=922  \\$aBatch-processed
=922  \\$aNIST-1$b20180815

