=LDR  01700nam  2200421Ia 45e0
=001  001076630
=003  OCoLC
=005  20180711120943.0
=008  160829s1954\\\\mdu\\\\\ob\\\f000\0\eng\d
=024  8\$aGOVPUB-C13-4c3c55df2d0b6d8fb9e86905ac6ef29f
=035  \\$a(OCoLC)957470234
=040  \\$aNBS$beng$erda$cNBS$dOCLCO$dOCLCF$dOCLCQ
=086  0\$aC 13.38:3321
=100  1\$aRyan, J. V.$q(James V.)
=245  10$aFire test of precast, reinforced concrete roof slabs /$cJames V. Ryan.
=264  \1$aGaithersburg, MD :$bU.S. Dept. of Commerce, National Institute of Standards and Technology,$c1954.
=300  \\$a1 online resource.
=336  \\$atext$btxt$2rdacontent
=337  \\$acomputer$bc$2rdamedia
=338  \\$aonline resource$bcr$2rdacarrier
=490  1\$aNBS report ;$v3321
=500  \\$a1954.
=500  \\$aContributed record: Metadata reviewed, not verified. Some fields updated by batch processes.
=500  \\$aTitle from PDF title page.
=504  \\$aIncludes bibliographical references.
=650  \0$aFire testing.
=650  \0$aPrecast concrete$xTesting.
=650  \7$aFire testing.$2fast$0(OCoLC)fst00925555
=650  \7$aPrecast concrete$xTesting.$2fast$0(OCoLC)fst01074857
=700  1\$aRyan, J. V.$q(James V.)
=710  1\$aUnited States.$bNational Bureau of Standards.
=830  \0$aNBS report ;$v3321.
=856  4\$uhttps://dx.doi.org/10.6028/NBS.RPT.3321
=856  4\$zAddress at time of PURL creation$uhttps://www.govinfo.gov/content/pkg/GOVPUB-C13-4c3c55df2d0b6d8fb9e86905ac6ef29f/pdf/GOVPUB-C13-4c3c55df2d0b6d8fb9e86905ac6ef29f.pdf
=856  40$uhttps://purl.fdlp.gov/GPO/gpo97663
=049  \\$aGPOO
=922  \\$aBatch-processed
=922  \\$aNIST-1$b20180815

