=LDR  01715nam  2200433Ia 45e0
=001  001076379
=003  OCoLC
=005  20180711120943.0
=008  160829s1954\\\\mdu\\\\\ob\\\f000\0\eng\d
=024  8\$aGOVPUB-C13-0e361869ce4a0f6797f69b877826c260
=035  \\$a(OCoLC)957470277
=040  \\$aNBS$beng$erda$cNBS$dOCLCO$dOCLCF$dOCLCQ
=086  0\$aC 13.38:3823
=100  1\$aShoub, M.
=245  10$aMotorboat fire extinguisher evaluation :$bfirst progress report /$cM. Shoub, T.G. Lee.
=264  \1$aGaithersburg, MD :$bU.S. Dept. of Commerce, National Institute of Standards and Technology,$c1954.
=300  \\$a1 online resource.
=336  \\$atext$btxt$2rdacontent
=337  \\$acomputer$bc$2rdamedia
=338  \\$aonline resource$bcr$2rdacarrier
=490  1\$aNBS report ;$v3823
=500  \\$a1954.
=500  \\$aContributed record: Metadata reviewed, not verified. Some fields updated by batch processes.
=500  \\$aTitle from PDF title page.
=504  \\$aIncludes bibliographical references.
=650  \0$aFire extinguishers$xTesting.
=650  \0$aMotorboats.
=650  \7$aFire extinguishers$xTesting.$2fast$0(OCoLC)fst00925373
=650  \7$aMotorboats.$2fast$0(OCoLC)fst01027988
=700  1\$aLee, T. G.
=700  1\$aShoub, M.
=710  1\$aUnited States.$bNational Bureau of Standards.
=830  \0$aNBS report ;$v3823.
=856  4\$uhttps://dx.doi.org/10.6028/NBS.RPT.3823
=856  4\$zAddress at time of PURL creation$uhttps://www.govinfo.gov/content/pkg/GOVPUB-C13-0e361869ce4a0f6797f69b877826c260/pdf/GOVPUB-C13-0e361869ce4a0f6797f69b877826c260.pdf
=856  40$uhttps://purl.fdlp.gov/GPO/gpo94949
=049  \\$aGPOO
=922  \\$aBatch-processed
=922  \\$aNIST-1$b20180815

