=LDR  01615nam  2200397Ia 45e0
=001  001077040
=003  OCoLC
=005  20180711120943.0
=008  160829s1954\\\\mdu\\\\\ob\\\f000\0\eng\d
=024  8\$aGOVPUB-C13-bd564be86e4ab5aaf104864029c2c214
=035  \\$a(OCoLC)957470258
=040  \\$aNBS$beng$erda$cNBS$dOCLCO$dOCLCF$dOCLCQ
=086  0\$aC 13.38:3660
=100  1\$aSigler, Percy A.
=245  10$aSelection and maintenance of floors for Naval Shore establishments /$cPercy A. Sigler.
=264  \1$aGaithersburg, MD :$bU.S. Dept. of Commerce, National Institute of Standards and Technology,$c1954.
=300  \\$a1 online resource.
=336  \\$atext$btxt$2rdacontent
=337  \\$acomputer$bc$2rdamedia
=338  \\$aonline resource$bcr$2rdacarrier
=490  1\$aNBS report ;$v3660
=500  \\$a1954.
=500  \\$aContributed record: Metadata reviewed, not verified. Some fields updated by batch processes.
=500  \\$aTitle from PDF title page.
=504  \\$aIncludes bibliographical references.
=650  \0$aFloor coverings$xTesting.
=650  \7$aFloor coverings$xTesting.$2fast$0(OCoLC)fst00927606
=700  1\$aSigler, Percy A.
=710  1\$aUnited States.$bNational Bureau of Standards.
=830  \0$aNBS report ;$v3660.
=856  4\$uhttps://dx.doi.org/10.6028/NBS.RPT.3660
=856  4\$zAddress at time of PURL creation$uhttps://www.govinfo.gov/content/pkg/GOVPUB-C13-bd564be86e4ab5aaf104864029c2c214/pdf/GOVPUB-C13-bd564be86e4ab5aaf104864029c2c214.pdf
=856  40$uhttps://purl.fdlp.gov/GPO/gpo102413
=049  \\$aGPOO
=922  \\$aBatch-processed
=922  \\$aNIST-1$b20180815

