=LDR  01557nam  2200397Ia 45e0
=001  001076835
=003  OCoLC
=005  20180711120943.0
=008  160829s1954\\\\mdu\\\\\ob\\\f000\0\eng\d
=024  8\$aGOVPUB-C13-831bb5f5838f82164a1510a1707b299f
=035  \\$a(OCoLC)957470274
=040  \\$aNBS$beng$erda$cNBS$dOCLCO$dOCLCQ
=086  0\$aC 13.38:3792
=100  1\$aSkoda, L. F.
=245  10$aTest of precast prestressed roof panel no. 3 (Type B) /$cL.F. Skoda, J.O. Bryson, D. Watstein.
=264  \1$aGaithersburg, MD :$bU.S. Dept. of Commerce, National Institute of Standards and Technology,$c1954.
=300  \\$a1 online resource.
=336  \\$atext$btxt$2rdacontent
=337  \\$acomputer$bc$2rdamedia
=338  \\$aonline resource$bcr$2rdacarrier
=490  1\$aNBS report ;$v3792
=500  \\$a1954.
=500  \\$aContributed record: Metadata reviewed, not verified. Some fields updated by batch processes.
=500  \\$aTitle from PDF title page.
=504  \\$aIncludes bibliographical references.
=700  1\$aBryson, James.
=700  1\$aSkoda, L. F.
=700  1\$aWatstein, D.
=710  1\$aUnited States.$bNational Bureau of Standards.
=830  \0$aNBS report ;$v3792.
=856  4\$uhttps://dx.doi.org/10.6028/NBS.RPT.3792
=856  4\$zAddress at time of PURL creation$uhttps://www.govinfo.gov/content/pkg/GOVPUB-C13-831bb5f5838f82164a1510a1707b299f/pdf/GOVPUB-C13-831bb5f5838f82164a1510a1707b299f.pdf
=856  40$uhttps://purl.fdlp.gov/GPO/gpo99942
=049  \\$aGPOO
=922  \\$aBatch-processed
=922  \\$aNIST-1$b20180815

