=LDR  01739nam  2200433Ia 45e0
=001  001077205
=003  OCoLC
=005  20180711120943.0
=008  160829s1954\\\\mdu\\\\\ob\\\f000\0\eng\d
=024  8\$aGOVPUB-C13-e08d8b08c2437bdef97c575831f13de0
=035  \\$a(OCoLC)957470238
=040  \\$aNBS$beng$erda$cNBS$dOCLCO$dOCLCF$dOCLCQ
=086  0\$aC 13.38:3353
=100  1\$aSkoda, Leopold F.
=245  10$aTest of precast panel frame no. 1 /$cLeopold F. Skoda, D. Watstein.
=264  \1$aGaithersburg, MD :$bU.S. Dept. of Commerce, National Institute of Standards and Technology,$c1954.
=300  \\$a1 online resource.
=336  \\$atext$btxt$2rdacontent
=337  \\$acomputer$bc$2rdamedia
=338  \\$aonline resource$bcr$2rdacarrier
=490  1\$aNBS report ;$v3353
=500  \\$a1954.
=500  \\$aContributed record: Metadata reviewed, not verified. Some fields updated by batch processes.
=500  \\$aTitle from PDF title page.
=504  \\$aIncludes bibliographical references.
=650  \0$aConcrete walls$xTesting.
=650  \0$aRoofing, Concrete$xTesting.
=650  \7$aConcrete walls$xTesting.$2fast$0(OCoLC)fst00874417
=650  \7$aRoofing, Concrete$xTesting.$2fast$0(OCoLC)fst01100304
=700  1\$aSkoda, Leopold F.
=700  1\$aWatstein, D.
=710  1\$aUnited States.$bNational Bureau of Standards.
=830  \0$aNBS report ;$v3353.
=856  4\$uhttps://dx.doi.org/10.6028/NBS.RPT.3353
=856  4\$zAddress at time of PURL creation$uhttps://www.govinfo.gov/content/pkg/GOVPUB-C13-e08d8b08c2437bdef97c575831f13de0/pdf/GOVPUB-C13-e08d8b08c2437bdef97c575831f13de0.pdf
=856  40$uhttps://purl.fdlp.gov/GPO/gpo104141
=049  \\$aGPOO
=922  \\$aBatch-processed
=922  \\$aNIST-1$b20180815

