=LDR  01593nam  2200397Ia 45e0
=001  001076377
=003  OCoLC
=005  20180711120935.0
=008  161006s1954\\\\mdu\\\\\ob\\\f000\0\eng\d
=024  8\$aGOVPUB-C13-0de2cc2d3ada4f05a1822ad5099ece54
=035  \\$a(OCoLC)959982887
=040  \\$aNBS$beng$erda$cNBS$dOCLCO$dOCLCF$dOCLCQ
=086  0\$aC 13.38:3052
=100  1\$aTaussky, Olga.
=245  10$aSome computational problems in algebraic number theory /$cOlga Taussky.
=264  \1$aGaithersburg, MD :$bU.S. Dept. of Commerce, National Institute of Standards and Technology,$c1954.
=300  \\$a1 online resource.
=336  \\$atext$btxt$2rdacontent
=337  \\$acomputer$bc$2rdamedia
=338  \\$aonline resource$bcr$2rdacarrier
=490  1\$aNBS report ;$v3052
=500  \\$a1954.
=500  \\$aContributed record: Metadata reviewed, not verified. Some fields updated by batch processes.
=500  \\$aTitle from PDF title page.
=504  \\$aIncludes bibliographical references.
=650  \0$aAlgebraic number theory.
=650  \7$aAlgebraic number theory.$2fast$0(OCoLC)fst00804937
=700  1\$aTaussky, Olga.
=710  1\$aUnited States.$bNational Bureau of Standards.
=830  \0$aNBS report ;$v3052.
=856  4\$uhttps://dx.doi.org/10.6028/NBS.RPT.3052
=856  4\$zAddress at time of PURL creation$uhttps://www.govinfo.gov/content/pkg/GOVPUB-C13-0de2cc2d3ada4f05a1822ad5099ece54/pdf/GOVPUB-C13-0de2cc2d3ada4f05a1822ad5099ece54.pdf
=856  40$uhttps://purl.fdlp.gov/GPO/gpo94933
=049  \\$aGPOO
=922  \\$aBatch-processed
=922  \\$aNIST-1$b20180815

