=LDR  01610nam  2200409Ia 45e0
=001  001077101
=003  OCoLC
=005  20180711120935.0
=008  161006s1954\\\\mdu\\\\\ob\\\f000\0\eng\d
=024  8\$aGOVPUB-C13-cac62d21376ef2dcf61dbb46bd911331
=035  \\$a(OCoLC)959982897
=040  \\$aNBS$beng$erda$cNBS$dOCLCO$dOCLCF$dOCLCQ
=086  0\$aC 13.38:3370
=100  1\$aTaussky, Olga.
=245  10$aGeneration and testing of pseudo-random numbers /$cOlga Taussky, John Todd.
=264  \1$aGaithersburg, MD :$bU.S. Dept. of Commerce, National Institute of Standards and Technology,$c1954.
=300  \\$a1 online resource.
=336  \\$atext$btxt$2rdacontent
=337  \\$acomputer$bc$2rdamedia
=338  \\$aonline resource$bcr$2rdacarrier
=490  1\$aNBS report ;$v3370
=500  \\$a1954.
=500  \\$aContributed record: Metadata reviewed, not verified. Some fields updated by batch processes.
=500  \\$aTitle from PDF title page.
=504  \\$aIncludes bibliographical references.
=650  \0$aNumbers, Random.
=650  \7$aNumbers, Random.$2fast$0(OCoLC)fst01041244
=700  1\$aTaussky, Olga.
=700  1\$aTodd, John.
=710  1\$aUnited States.$bNational Bureau of Standards.
=830  \0$aNBS report ;$v3370.
=856  4\$uhttps://dx.doi.org/10.6028/NBS.RPT.3370
=856  4\$zAddress at time of PURL creation$uhttps://www.govinfo.gov/content/pkg/GOVPUB-C13-cac62d21376ef2dcf61dbb46bd911331/pdf/GOVPUB-C13-cac62d21376ef2dcf61dbb46bd911331.pdf
=856  40$uhttps://purl.fdlp.gov/GPO/gpo103003
=049  \\$aGPOO
=922  \\$aBatch-processed
=922  \\$aNIST-1$b20180815

