=LDR  01626nam  2200409Ia 45e0
=001  001077216
=003  OCoLC
=005  20180711121001.0
=008  161006s1954\\\\mdu\\\\\ob\\\f000\0\eng\d
=024  8\$aGOVPUB-C13-e2c0c6f99b8154b950f89bed4071c0ea
=035  \\$a(OCoLC)959982889
=040  \\$aNBS$beng$erda$cNBS$dOCLCO$dOCLCF$dOCLCQ
=086  0\$aC 13.38:3077
=100  1\$aTeele, Ray P.
=245  10$aLuminosity filter and thermopile for a physical photometer /$cRay P. Teele, Marion A. Belknap.
=264  \1$aGaithersburg, MD :$bU.S. Dept. of Commerce, National Institute of Standards and Technology,$c1954.
=300  \\$a1 online resource.
=336  \\$atext$btxt$2rdacontent
=337  \\$acomputer$bc$2rdamedia
=338  \\$aonline resource$bcr$2rdacarrier
=490  1\$aNBS report ;$v3077
=500  \\$a1954.
=500  \\$aContributed record: Metadata reviewed, not verified. Some fields updated by batch processes.
=500  \\$aTitle from PDF title page.
=504  \\$aIncludes bibliographical references.
=650  \0$aThermopiles.
=650  \7$aThermopiles.$2fast$0(OCoLC)fst01149891
=700  1\$aBelknap, Marion A.
=700  1\$aTeele, Ray P.
=710  1\$aUnited States.$bNational Bureau of Standards.
=830  \0$aNBS report ;$v3077.
=856  4\$uhttps://dx.doi.org/10.6028/NBS.RPT.3077
=856  4\$zAddress at time of PURL creation$uhttps://www.govinfo.gov/content/pkg/GOVPUB-C13-e2c0c6f99b8154b950f89bed4071c0ea/pdf/GOVPUB-C13-e2c0c6f99b8154b950f89bed4071c0ea.pdf
=856  40$uhttps://purl.fdlp.gov/GPO/gpo104238
=049  \\$aGPOO
=922  \\$aBatch-processed
=922  \\$aNIST-1$b20180815

