=LDR  01687nam  2200421Ia 45e0
=001  001077296
=003  OCoLC
=005  20180711120953.0
=008  161006s1954\\\\mdu\\\\\ob\\\f000\0\eng\d
=024  8\$aGOVPUB-C13-fd7a55924b0ad257b7907ba90f5f25f0
=035  \\$a(OCoLC)959982202
=040  \\$aNBS$beng$erda$cNBS$dOCLCO$dOCLCF$dOCLCQ
=086  0\$aC 13.38:3202
=100  1\$aTeele, Ray P.
=245  10$aInterlaboratory intercomparisons of 100-watt gas-filled tungsten-filament lamps /$cRay P. Teele.
=264  \1$aGaithersburg, MD :$bU.S. Dept. of Commerce, National Institute of Standards and Technology,$c1954.
=300  \\$a1 online resource.
=336  \\$atext$btxt$2rdacontent
=337  \\$acomputer$bc$2rdamedia
=338  \\$aonline resource$bcr$2rdacarrier
=490  1\$aNBS report ;$v3202
=500  \\$a1954.
=500  \\$aContributed record: Metadata reviewed, not verified. Some fields updated by batch processes.
=500  \\$aTitle from PDF title page.
=504  \\$aIncludes bibliographical references.
=650  \0$aHalogens$xSpectra.
=650  \0$aPhotometry.
=650  \7$aHalogens$xSpectra.$2fast$0(OCoLC)fst00950701
=650  \7$aPhotometry.$2fast$0(OCoLC)fst01062043
=700  1\$aTeele, Ray P.
=710  1\$aUnited States.$bNational Bureau of Standards.
=830  \0$aNBS report ;$v3202.
=856  4\$uhttps://dx.doi.org/10.6028/NBS.RPT.3202
=856  4\$zAddress at time of PURL creation$uhttps://www.govinfo.gov/content/pkg/GOVPUB-C13-fd7a55924b0ad257b7907ba90f5f25f0/pdf/GOVPUB-C13-fd7a55924b0ad257b7907ba90f5f25f0.pdf
=856  40$uhttps://purl.fdlp.gov/GPO/gpo105329
=049  \\$aGPOO
=922  \\$aBatch-processed
=922  \\$aNIST-1$b20180815

