=LDR  01650nam  2200421Ia 45e0
=001  001076899
=003  OCoLC
=005  20180711121002.0
=008  161006s1954\\\\mdu\\\\\ob\\\f000\0\eng\d
=024  8\$aGOVPUB-C13-94ac51fdd2dfc54be67565785f7134dc
=035  \\$a(OCoLC)959982912
=040  \\$aNBS$beng$erda$cNBS$dOCLCO$dOCLCF$dOCLCQ
=086  0\$aC 13.38:3493
=100  1\$aTeichroew, D.
=245  10$aStatistical analysis of experimental parachute test data /$cD. Teichroew.
=264  \1$aGaithersburg, MD :$bU.S. Dept. of Commerce, National Institute of Standards and Technology,$c1954.
=300  \\$a1 online resource.
=336  \\$atext$btxt$2rdacontent
=337  \\$acomputer$bc$2rdamedia
=338  \\$aonline resource$bcr$2rdacarrier
=490  1\$aNBS report ;$v3493
=500  \\$a1954.
=500  \\$aContributed record: Metadata reviewed, not verified. Some fields updated by batch processes.
=500  \\$aTitle from PDF title page.
=504  \\$aIncludes bibliographical references.
=650  \0$aParachutes.
=650  \0$aStatistics.
=650  \7$aParachutes.$2fast$0(OCoLC)fst01052792
=650  \7$aStatistics.$2fast$0(OCoLC)fst01132103
=700  1\$aTeichroew, D.
=710  1\$aUnited States.$bNational Bureau of Standards.
=830  \0$aNBS report ;$v3493.
=856  4\$uhttps://dx.doi.org/10.6028/NBS.RPT.3493
=856  4\$zAddress at time of PURL creation$uhttps://www.govinfo.gov/content/pkg/GOVPUB-C13-94ac51fdd2dfc54be67565785f7134dc/pdf/GOVPUB-C13-94ac51fdd2dfc54be67565785f7134dc.pdf
=856  40$uhttps://purl.fdlp.gov/GPO/gpo100803
=049  \\$aGPOO
=922  \\$aBatch-processed
=922  \\$aNIST-1$b20180815

