=LDR  01564nam  2200397Ia 45e0
=001  001076507
=003  OCoLC
=005  20180711121001.0
=008  161006s1954\\\\mdu\\\\\ob\\\f000\0\eng\d
=024  8\$aGOVPUB-C13-2f3652de7fd97d2efd9075b69d0a1bda
=035  \\$a(OCoLC)959982898
=040  \\$aNBS$beng$erda$cNBS$dOCLCO$dOCLCF$dOCLCQ
=086  0\$aC 13.38:3371
=100  1\$aTodd, John.
=245  10$aMotivation for working in numerical analysis /$cJohn Todd.
=264  \1$aGaithersburg, MD :$bU.S. Dept. of Commerce, National Institute of Standards and Technology,$c1954.
=300  \\$a1 online resource.
=336  \\$atext$btxt$2rdacontent
=337  \\$acomputer$bc$2rdamedia
=338  \\$aonline resource$bcr$2rdacarrier
=490  1\$aNBS report ;$v3371
=500  \\$a1954.
=500  \\$aContributed record: Metadata reviewed, not verified. Some fields updated by batch processes.
=500  \\$aTitle from PDF title page.
=504  \\$aIncludes bibliographical references.
=650  \0$aNumerical analysis.
=650  \7$aNumerical analysis.$2fast$0(OCoLC)fst01041273
=700  1\$aTodd, John.
=710  1\$aUnited States.$bNational Bureau of Standards.
=830  \0$aNBS report ;$v3371.
=856  4\$uhttps://dx.doi.org/10.6028/NBS.RPT.3371
=856  4\$zAddress at time of PURL creation$uhttps://www.govinfo.gov/content/pkg/GOVPUB-C13-2f3652de7fd97d2efd9075b69d0a1bda/pdf/GOVPUB-C13-2f3652de7fd97d2efd9075b69d0a1bda.pdf
=856  40$uhttps://purl.fdlp.gov/GPO/gpo96427
=049  \\$aGPOO
=922  \\$aBatch-processed
=922  \\$aNIST-1$b20180815

