=LDR  01570nam  2200373Ia 45e0
=001  001076641
=003  OCoLC
=005  20180711120936.0
=008  161006s1954\\\\mdu\\\\\ob\\\f000\0\eng\d
=024  8\$aGOVPUB-C13-4d634e9652ff66ec7414e7829cc4c367
=035  \\$a(OCoLC)959982970
=040  \\$aNBS$beng$erda$cNBS$dOCLCO$dOCLCQ
=086  0\$aC 13.38:3487
=110  1\$aUnited States.$bNational Bureau of Standards.
=245  10$aProjects and publications of the National Applied Mathematics Laboratories :$bApril through June 1954 /$cNational Bureau of Standards.
=264  \1$aGaithersburg, MD :$bU.S. Dept. of Commerce, National Institute of Standards and Technology,$c1954.
=300  \\$a1 online resource.
=336  \\$atext$btxt$2rdacontent
=337  \\$acomputer$bc$2rdamedia
=338  \\$aonline resource$bcr$2rdacarrier
=490  1\$aNBS report ;$v3487
=500  \\$a1954.
=500  \\$aContributed record: Metadata reviewed, not verified. Some fields updated by batch processes.
=500  \\$aTitle from PDF title page.
=504  \\$aIncludes bibliographical references.
=650  \0$aMathematics.
=710  1\$aUnited States.$bNational Bureau of Standards.
=830  \0$aNBS report ;$v3487.
=856  4\$uhttps://dx.doi.org/10.6028/NBS.RPT.3487
=856  4\$zAddress at time of PURL creation$uhttps://www.govinfo.gov/content/pkg/GOVPUB-C13-4d634e9652ff66ec7414e7829cc4c367/pdf/GOVPUB-C13-4d634e9652ff66ec7414e7829cc4c367.pdf
=856  40$uhttps://purl.fdlp.gov/GPO/gpo97708
=049  \\$aGPOO
=922  \\$aBatch-processed
=922  \\$aNIST-1$b20180815

