=LDR  01695nam  2200385Ia 45e0
=001  001076689
=003  OCoLC
=005  20180711120954.0
=008  161006s1954\\\\mdu\\\\\ob\\\f000\0\eng\d
=024  8\$aGOVPUB-C13-5aabfc45d057cc2c9bb16afd2d447cf8
=035  \\$a(OCoLC)959982402
=040  \\$aNBS$beng$erda$cNBS$dOCLCO$dOCLCF$dOCLCQ
=086  0\$aC 13.38:3136
=110  1\$aUnited States.$bNational Bureau of Standards.
=245  10$aDevelopment, testing, and evaluation of visual landing aids :$bconsolidated progress report for the period October 1 to December 31, 195 /$cNational Bureau of Standards.
=264  \1$aGaithersburg, MD :$bU.S. Dept. of Commerce, National Institute of Standards and Technology,$c1954.
=300  \\$a1 online resource.
=336  \\$atext$btxt$2rdacontent
=337  \\$acomputer$bc$2rdamedia
=338  \\$aonline resource$bcr$2rdacarrier
=490  1\$aNBS report ;$v3136
=500  \\$a1954.
=500  \\$aContributed record: Metadata reviewed, not verified. Some fields updated by batch processes.
=500  \\$aTitle from PDF title page.
=504  \\$aIncludes bibliographical references.
=650  \0$aLanding aids (Aeronautics)
=650  \7$aLanding aids (Aeronautics)$2fast$0(OCoLC)fst00991698
=710  1\$aUnited States.$bNational Bureau of Standards.
=830  \0$aNBS report ;$v3136.
=856  4\$uhttps://dx.doi.org/10.6028/NBS.RPT.3136
=856  4\$zAddress at time of PURL creation$uhttps://www.govinfo.gov/content/pkg/GOVPUB-C13-5aabfc45d057cc2c9bb16afd2d447cf8/pdf/GOVPUB-C13-5aabfc45d057cc2c9bb16afd2d447cf8.pdf
=856  40$uhttps://purl.fdlp.gov/GPO/gpo98339
=049  \\$aGPOO
=922  \\$aBatch-processed
=922  \\$aNIST-1$b20180815

