=LDR  01605nam  2200385Ia 45e0
=001  001076718
=003  OCoLC
=005  20180711121002.0
=008  161006s1954\\\\mdu\\\\\ob\\\f000\0\eng\d
=024  8\$aGOVPUB-C13-62b21006eef454ecdeb11ac28bcb492c
=035  \\$a(OCoLC)959982914
=040  \\$aNBS$beng$erda$cNBS$dOCLCO$dOCLCF$dOCLCQ
=086  0\$aC 13.38:3606
=110  1\$aUnited States.$bNational Bureau of Standards.
=245  10$aAppendix II to instruction book for tansmissometer set AN/GMQ-10 /$cNational Bureau of Standards.
=264  \1$aGaithersburg, MD :$bU.S. Dept. of Commerce, National Institute of Standards and Technology,$c1954.
=300  \\$a1 online resource.
=336  \\$atext$btxt$2rdacontent
=337  \\$acomputer$bc$2rdamedia
=338  \\$aonline resource$bcr$2rdacarrier
=490  1\$aNBS report ;$v3606
=500  \\$a1954.
=500  \\$aContributed record: Metadata reviewed, not verified. Some fields updated by batch processes.
=500  \\$aTitle from PDF title page.
=504  \\$aIncludes bibliographical references.
=650  \0$aTransmissometers.
=650  \7$aTransmissometers.$2fast$0(OCoLC)fst01154867
=710  1\$aUnited States.$bNational Bureau of Standards.
=830  \0$aNBS report ;$v3606.
=856  4\$uhttps://dx.doi.org/10.6028/NBS.RPT.3606
=856  4\$zAddress at time of PURL creation$uhttps://www.govinfo.gov/content/pkg/GOVPUB-C13-62b21006eef454ecdeb11ac28bcb492c/pdf/GOVPUB-C13-62b21006eef454ecdeb11ac28bcb492c.pdf
=856  40$uhttps://purl.fdlp.gov/GPO/gpo98670
=049  \\$aGPOO
=922  \\$aBatch-processed
=922  \\$aNIST-1$b20180815

