=LDR  01696nam  2200385Ia 45e0
=001  001076799
=003  OCoLC
=005  20180711121003.0
=008  161006s1954\\\\mdu\\\\\ob\\\f000\0\eng\d
=024  8\$aGOVPUB-C13-78771c98cc042393c18a928764f90f65
=035  \\$a(OCoLC)959982994
=040  \\$aNBS$beng$erda$cNBS$dOCLCO$dOCLCF$dOCLCQ
=086  0\$aC 13.38:3900
=110  1\$aUnited States.$bNational Bureau of Standards.
=245  10$aDevelopment, testing, and evaluation of visual landing aids :$bconsolidated progress report for the period October 1 to December 31, 1954 /$cNational Bureau of Standards.
=264  \1$aGaithersburg, MD :$bU.S. Dept. of Commerce, National Institute of Standards and Technology,$c1954.
=300  \\$a1 online resource.
=336  \\$atext$btxt$2rdacontent
=337  \\$acomputer$bc$2rdamedia
=338  \\$aonline resource$bcr$2rdacarrier
=490  1\$aNBS report ;$v3900
=500  \\$a1954.
=500  \\$aContributed record: Metadata reviewed, not verified. Some fields updated by batch processes.
=500  \\$aTitle from PDF title page.
=504  \\$aIncludes bibliographical references.
=650  \0$aLanding aids (Aeronautics)
=650  \7$aLanding aids (Aeronautics)$2fast$0(OCoLC)fst00991698
=710  1\$aUnited States.$bNational Bureau of Standards.
=830  \0$aNBS report ;$v3900.
=856  4\$uhttps://dx.doi.org/10.6028/NBS.RPT.3900
=856  4\$zAddress at time of PURL creation$uhttps://www.govinfo.gov/content/pkg/GOVPUB-C13-78771c98cc042393c18a928764f90f65/pdf/GOVPUB-C13-78771c98cc042393c18a928764f90f65.pdf
=856  40$uhttps://purl.fdlp.gov/GPO/gpo99531
=049  \\$aGPOO
=922  \\$aBatch-processed
=922  \\$aNIST-1$b20180815

