=LDR  01520nam  2200373Ia 45e0
=001  001076986
=003  OCoLC
=005  20180711121003.0
=008  161006s1954\\\\mdu\\\\\ob\\\f000\0\eng\d
=024  8\$aGOVPUB-C13-b02a8b876c6b4ef221791737c4903074
=035  \\$a(OCoLC)959982990
=040  \\$aNBS$beng$erda$cNBS$dOCLCO$dOCLCQ
=086  0\$aC 13.38:3789
=110  1\$aUnited States.$bNational Bureau of Standards.
=245  10$aPhotometric tests of 36 retroreflective samples /$cNational Bureau of Standards.
=264  \1$aGaithersburg, MD :$bU.S. Dept. of Commerce, National Institute of Standards and Technology,$c1954.
=300  \\$a1 online resource.
=336  \\$atext$btxt$2rdacontent
=337  \\$acomputer$bc$2rdamedia
=338  \\$aonline resource$bcr$2rdacarrier
=490  1\$aNBS report ;$v3789
=500  \\$a1954.
=500  \\$aContributed record: Metadata reviewed, not verified. Some fields updated by batch processes.
=500  \\$aTitle from PDF title page.
=504  \\$aIncludes bibliographical references.
=650  \0$aColor$xTesting.
=710  1\$aUnited States.$bNational Bureau of Standards.
=830  \0$aNBS report ;$v3789.
=856  4\$uhttps://dx.doi.org/10.6028/NBS.RPT.3789
=856  4\$zAddress at time of PURL creation$uhttps://www.govinfo.gov/content/pkg/GOVPUB-C13-b02a8b876c6b4ef221791737c4903074/pdf/GOVPUB-C13-b02a8b876c6b4ef221791737c4903074.pdf
=856  40$uhttps://purl.fdlp.gov/GPO/gpo101898
=049  \\$aGPOO
=922  \\$aBatch-processed
=922  \\$aNIST-1$b20180815

