=LDR  01602nam  2200397Ia 45e0
=001  001076359
=003  OCoLC
=005  20180711120943.0
=008  160829s1954\\\\mdu\\\\\ob\\\f000\0\eng\d
=024  8\$aGOVPUB-C13-08491b7fdb9a1682a3166ae6f78df9bd
=035  \\$a(OCoLC)957470224
=040  \\$aNBS$beng$erda$cNBS$dOCLCO$dOCLCF$dOCLCQ
=086  0\$aC 13.38:3188
=100  1\$aWatson, Thomas W.
=245  10$aThermal conductivity measurements of two paperboard materials /$cThomas W. Watson.
=264  \1$aGaithersburg, MD :$bU.S. Dept. of Commerce, National Institute of Standards and Technology,$c1954.
=300  \\$a1 online resource.
=336  \\$atext$btxt$2rdacontent
=337  \\$acomputer$bc$2rdamedia
=338  \\$aonline resource$bcr$2rdacarrier
=490  1\$aNBS report ;$v3188
=500  \\$a1954.
=500  \\$aContributed record: Metadata reviewed, not verified. Some fields updated by batch processes.
=500  \\$aTitle from PDF title page.
=504  \\$aIncludes bibliographical references.
=650  \0$aPaperboard$xTesting.
=650  \7$aPaperboard$xTesting.$2fast$0(OCoLC)fst01052620
=700  1\$aWatson, Thomas W.
=710  1\$aUnited States.$bNational Bureau of Standards.
=830  \0$aNBS report ;$v3188.
=856  4\$uhttps://dx.doi.org/10.6028/NBS.RPT.3188
=856  4\$zAddress at time of PURL creation$uhttps://www.govinfo.gov/content/pkg/GOVPUB-C13-08491b7fdb9a1682a3166ae6f78df9bd/pdf/GOVPUB-C13-08491b7fdb9a1682a3166ae6f78df9bd.pdf
=856  40$uhttps://purl.fdlp.gov/GPO/gpo94655
=049  \\$aGPOO
=922  \\$aBatch-processed
=922  \\$aNIST-1$b20180815

