=LDR  01598nam  2200397Ia 45e0
=001  001076666
=003  OCoLC
=005  20180711120942.0
=008  160829s1954\\\\mdu\\\\\ob\\\f000\0\eng\d
=024  8\$aGOVPUB-C13-54b1d0f85cc1d57d2875005b2f1f9889
=035  \\$a(OCoLC)957470218
=040  \\$aNBS$beng$erda$cNBS$dOCLCO$dOCLCQ
=086  0\$aC 13.38:3063
=100  1\$aWatson, Thomas W.
=245  10$aThermal conductivity measurements of three rubber-like materials /$cThomas W. Watson, Henry E. Robinson.
=264  \1$aGaithersburg, MD :$bU.S. Dept. of Commerce, National Institute of Standards and Technology,$c1954.
=300  \\$a1 online resource.
=336  \\$atext$btxt$2rdacontent
=337  \\$acomputer$bc$2rdamedia
=338  \\$aonline resource$bcr$2rdacarrier
=490  1\$aNBS report ;$v3063
=500  \\$a1954.
=500  \\$aContributed record: Metadata reviewed, not verified. Some fields updated by batch processes.
=500  \\$aTitle from PDF title page.
=504  \\$aIncludes bibliographical references.
=650  \0$aRubber$xThermal conductivity.
=700  1\$aRobinson, Henry E.
=700  1\$aWatson, Thomas W.
=710  1\$aUnited States.$bNational Bureau of Standards.
=830  \0$aNBS report ;$v3063.
=856  4\$uhttps://dx.doi.org/10.6028/NBS.RPT.3063
=856  4\$zAddress at time of PURL creation$uhttps://www.govinfo.gov/content/pkg/GOVPUB-C13-54b1d0f85cc1d57d2875005b2f1f9889/pdf/GOVPUB-C13-54b1d0f85cc1d57d2875005b2f1f9889.pdf
=856  40$uhttps://purl.fdlp.gov/GPO/gpo97986
=049  \\$aGPOO
=922  \\$aBatch-processed
=922  \\$aNIST-1$b20180815

