=LDR  01706nam  2200421Ia 45e0
=001  001076513
=003  OCoLC
=005  20180711120943.0
=008  160829s1954\\\\mdu\\\\\ob\\\f000\0\eng\d
=024  8\$aGOVPUB-C13-30dd2ccdbb6ee6b594dae31108adceb4
=035  \\$a(OCoLC)957470259
=040  \\$aNBS$beng$erda$cNBS$dOCLCO$dOCLCQ$dOCLCF
=086  0\$aC 13.38:3665
=100  1\$aWatstein, D.
=245  10$aProperties of concrete in flexure at high rates of loading :$bprogress report /$cD. Watstein, T.W. Reichard.
=264  \1$aGaithersburg, MD :$bU.S. Dept. of Commerce, National Institute of Standards and Technology,$c1954.
=300  \\$a1 online resource.
=336  \\$atext$btxt$2rdacontent
=337  \\$acomputer$bc$2rdamedia
=338  \\$aonline resource$bcr$2rdacarrier
=490  1\$aNBS report ;$v3665
=500  \\$a1954.
=500  \\$aContributed record: Metadata reviewed, not verified. Some fields updated by batch processes.
=500  \\$aTitle from PDF title page.
=504  \\$aIncludes bibliographical references.
=650  \0$aConcrete beams$xTesting.
=650  \0$aConcrete$xStresses and strains.
=650  \7$aConcrete beams$xTesting.$2fast$0(OCoLC)fst00874251
=700  1\$aReichard, T. W.
=700  1\$aWatstein, D.
=710  1\$aUnited States.$bNational Bureau of Standards.
=830  \0$aNBS report ;$v3665.
=856  4\$uhttps://dx.doi.org/10.6028/NBS.RPT.3665
=856  4\$zAddress at time of PURL creation$uhttps://www.govinfo.gov/content/pkg/GOVPUB-C13-30dd2ccdbb6ee6b594dae31108adceb4/pdf/GOVPUB-C13-30dd2ccdbb6ee6b594dae31108adceb4.pdf
=856  40$uhttps://purl.fdlp.gov/GPO/gpo96450
=049  \\$aGPOO
=922  \\$aBatch-processed
=922  \\$aNIST-1$b20180815

