=LDR  01627nam  2200397Ia 45e0
=001  001076995
=003  OCoLC
=005  20180711121003.0
=008  161006s1955\\\\mdu\\\\\ob\\\f000\0\eng\d
=024  8\$aGOVPUB-C13-b28495d71c857d0e62dc1fa4cfd516e1
=035  \\$a(OCoLC)959982999
=040  \\$aNBS$beng$erda$cNBS$dOCLCO$dOCLCF$dOCLCQ
=086  0\$aC 13.38:4012
=100  1\$aBreckenridge, F. C.
=245  10$aProposal for the use of the kinorama :$bprogress report 1 April 1955 /$cF.C. Breckenridge.
=264  \1$aGaithersburg, MD :$bU.S. Dept. of Commerce, National Institute of Standards and Technology,$c1955.
=300  \\$a1 online resource.
=336  \\$atext$btxt$2rdacontent
=337  \\$acomputer$bc$2rdamedia
=338  \\$aonline resource$bcr$2rdacarrier
=490  1\$aNBS report ;$v4012
=500  \\$a1955.
=500  \\$aContributed record: Metadata reviewed, not verified. Some fields updated by batch processes.
=500  \\$aTitle from PDF title page.
=504  \\$aIncludes bibliographical references.
=650  \0$aLanding aids (Aeronautics)
=650  \7$aLanding aids (Aeronautics)$2fast$0(OCoLC)fst00991698
=700  1\$aBreckenridge, F. C.
=710  1\$aUnited States.$bNational Bureau of Standards.
=830  \0$aNBS report ;$v4012.
=856  4\$uhttps://dx.doi.org/10.6028/NBS.RPT.4012
=856  4\$zAddress at time of PURL creation$uhttps://www.govinfo.gov/content/pkg/GOVPUB-C13-b28495d71c857d0e62dc1fa4cfd516e1/pdf/GOVPUB-C13-b28495d71c857d0e62dc1fa4cfd516e1.pdf
=856  40$uhttps://purl.fdlp.gov/GPO/gpo101974
=049  \\$aGPOO
=922  \\$aBatch-processed
=922  \\$aNIST-1$b20180815

