=LDR  01633nam  2200397Ia 45e0
=001  001077244
=003  OCoLC
=005  20180711121004.0
=008  161006s1955\\\\mdu\\\\\ob\\\f000\0\eng\d
=024  8\$aGOVPUB-C13-ed171bd3ff07c0351eeafe88aa1d42fd
=035  \\$a(OCoLC)959983028
=040  \\$aNBS$beng$erda$cNBS$dOCLCO$dOCLCQ
=086  0\$aC 13.38:4412
=100  1\$aBurton, R. C.
=245  10$aFractional factorial designs for the 1/2 superscript s x 2 superscript n series for n =$b12 (1) 16 and s= 6, 7, 8 /$cR.C. Burton, F.L. Miller, H.M. Pettigrew.
=264  \1$aGaithersburg, MD :$bU.S. Dept. of Commerce, National Institute of Standards and Technology,$c1955.
=300  \\$a1 online resource.
=336  \\$atext$btxt$2rdacontent
=337  \\$acomputer$bc$2rdamedia
=338  \\$aonline resource$bcr$2rdacarrier
=490  1\$aNBS report ;$v4412
=500  \\$a1955.
=500  \\$aContributed record: Metadata reviewed, not verified. Some fields updated by batch processes.
=500  \\$aTitle from PDF title page.
=504  \\$aIncludes bibliographical references.
=700  1\$aBurton, R. C.
=700  1\$aMiller, F. L.,$cJr.
=700  1\$aPettigrew, H. M.
=710  1\$aUnited States.$bNational Bureau of Standards.
=830  \0$aNBS report ;$v4412.
=856  4\$uhttps://dx.doi.org/10.6028/NBS.RPT.4412
=856  4\$zAddress at time of PURL creation$uhttps://www.govinfo.gov/content/pkg/GOVPUB-C13-ed171bd3ff07c0351eeafe88aa1d42fd/pdf/GOVPUB-C13-ed171bd3ff07c0351eeafe88aa1d42fd.pdf
=856  40$uhttps://purl.fdlp.gov/GPO/gpo104669
=049  \\$aGPOO
=922  \\$aBatch-processed
=922  \\$aNIST-1$b20180815

