=LDR  01836nam  2200445Ia 45e0
=001  001076960
=003  OCoLC
=005  20180711121003.0
=008  161006s1955\\\\mdu\\\\\ob\\\f000\0\eng\d
=024  8\$aGOVPUB-C13-a7b3cc58738db259550dbe704b07cd5b
=035  \\$a(OCoLC)959982997
=040  \\$aNBS$beng$erda$cNBS$dOCLCO$dOCLCF$dOCLCQ
=086  0\$aC 13.38:3950
=100  1\$aCameron, J. M.
=245  10$aComputing the analysis of variance of factorial experiments on automatic computers :$bpreliminary report /$cJ.M. Cameron.
=264  \1$aGaithersburg, MD :$bU.S. Dept. of Commerce, National Institute of Standards and Technology,$c1955.
=300  \\$a1 online resource.
=336  \\$atext$btxt$2rdacontent
=337  \\$acomputer$bc$2rdamedia
=338  \\$aonline resource$bcr$2rdacarrier
=490  1\$aNBS report ;$v3950
=500  \\$a1955.
=500  \\$aContributed record: Metadata reviewed, not verified. Some fields updated by batch processes.
=500  \\$aTitle from PDF title page.
=504  \\$aIncludes bibliographical references.
=650  \0$aAnalysis of variance.
=650  \0$aComputers.
=650  \0$aFactorial experiment designs.
=650  \7$aAnalysis of variance.$2fast$0(OCoLC)fst00808330
=650  \7$aComputers.$2fast$0(OCoLC)fst00872776
=650  \7$aFactorial experiment designs.$2fast$0(OCoLC)fst00919642
=700  1\$aCameron, J. M.
=710  1\$aUnited States.$bNational Bureau of Standards.
=830  \0$aNBS report ;$v3950.
=856  4\$uhttps://dx.doi.org/10.6028/NBS.RPT.3950
=856  4\$zAddress at time of PURL creation$uhttps://www.govinfo.gov/content/pkg/GOVPUB-C13-a7b3cc58738db259550dbe704b07cd5b/pdf/GOVPUB-C13-a7b3cc58738db259550dbe704b07cd5b.pdf
=856  40$uhttps://purl.fdlp.gov/GPO/gpo101553
=049  \\$aGPOO
=922  \\$aBatch-processed
=922  \\$aNIST-1$b20180815

