=LDR  01818nam  2200457Ia 45e0
=001  001077100
=003  OCoLC
=005  20180711120945.0
=008  160829s1955\\\\mdu\\\\\ob\\\f000\0\eng\d
=024  8\$aGOVPUB-C13-cac6069f2e37ec79fd45fedb6081e990
=035  \\$a(OCoLC)957470343
=040  \\$aNBS$beng$erda$cNBS$dOCLCO$dOCLCF$dOCLCQ
=086  0\$aC 13.38:4396
=100  1\$aChi, M.
=245  10$aTests of prestressed cellular slabs (Slab Nos. 1, 2, 3, and 4) /$cM. Chi, D. Watstein.
=264  \1$aGaithersburg, MD :$bU.S. Dept. of Commerce, National Institute of Standards and Technology,$c1955.
=300  \\$a1 online resource.
=336  \\$atext$btxt$2rdacontent
=337  \\$acomputer$bc$2rdamedia
=338  \\$aonline resource$bcr$2rdacarrier
=490  1\$aNBS report ;$v4396
=500  \\$a1955.
=500  \\$aContributed record: Metadata reviewed, not verified. Some fields updated by batch processes.
=500  \\$aTitle from PDF title page.
=504  \\$aIncludes bibliographical references.
=650  \0$aConcrete$xTesting.
=650  \0$aStrains and stresses.
=650  \0$aStrength of materials.
=650  \7$aConcrete$xTesting.$2fast$0(OCoLC)fst00874220
=650  \7$aStrains and stresses.$2fast$0(OCoLC)fst01134288
=650  \7$aStrength of materials.$2fast$0(OCoLC)fst01134837
=700  1\$aChi, M.
=700  1\$aWatstein, D.
=710  1\$aUnited States.$bNational Bureau of Standards.
=830  \0$aNBS report ;$v4396.
=856  4\$uhttps://dx.doi.org/10.6028/NBS.RPT.4396
=856  4\$zAddress at time of PURL creation$uhttps://www.govinfo.gov/content/pkg/GOVPUB-C13-cac6069f2e37ec79fd45fedb6081e990/pdf/GOVPUB-C13-cac6069f2e37ec79fd45fedb6081e990.pdf
=856  40$uhttps://purl.fdlp.gov/GPO/gpo103002
=049  \\$aGPOO
=922  \\$aBatch-processed
=922  \\$aNIST-1$b20180815

