=LDR  01587nam  2200397Ia 45e0
=001  001076639
=003  OCoLC
=005  20180711120944.0
=008  160829s1955\\\\mdu\\\\\ob\\\f000\0\eng\d
=024  8\$aGOVPUB-C13-4d53894ede5c17db06b135fe0f892db1
=035  \\$a(OCoLC)957470319
=040  \\$aNBS$beng$erda$cNBS$dOCLCO$dOCLCQ
=086  0\$aC 13.38:4231
=100  1\$aCole, Selden D.
=245  12$aA study of gilsulate as underground pipe insulation /$cSelden D. Cole, Paul R. Achenbach, Frank J. Powlitch.
=264  \1$aGaithersburg, MD :$bU.S. Dept. of Commerce, National Institute of Standards and Technology,$c1955.
=300  \\$a1 online resource.
=336  \\$atext$btxt$2rdacontent
=337  \\$acomputer$bc$2rdamedia
=338  \\$aonline resource$bcr$2rdacarrier
=490  1\$aNBS report ;$v4231
=500  \\$a1955.
=500  \\$aContributed record: Metadata reviewed, not verified. Some fields updated by batch processes.
=500  \\$aTitle from PDF title page.
=504  \\$aIncludes bibliographical references.
=700  1\$aAchenbach, Paul R.
=700  1\$aCole, Selden D.
=700  1\$aPowlitch, Frank J.
=710  1\$aUnited States.$bNational Bureau of Standards.
=830  \0$aNBS report ;$v4231.
=856  4\$uhttps://dx.doi.org/10.6028/NBS.RPT.4231
=856  4\$zAddress at time of PURL creation$uhttps://www.govinfo.gov/content/pkg/GOVPUB-C13-4d53894ede5c17db06b135fe0f892db1/pdf/GOVPUB-C13-4d53894ede5c17db06b135fe0f892db1.pdf
=856  40$uhttps://purl.fdlp.gov/GPO/gpo97706
=049  \\$aGPOO
=922  \\$aBatch-processed
=922  \\$aNIST-1$b20180815

