=LDR  01697nam  2200421Ia 45e0
=001  001076990
=003  OCoLC
=005  20180711120944.0
=008  160829s1955\\\\mdu\\\\\ob\\\f000\0\eng\d
=024  8\$aGOVPUB-C13-b09c21b80d39286e1f4be53f2d1562fd
=035  \\$a(OCoLC)957470306
=040  \\$aNBS$beng$erda$cNBS$dOCLCO$dOCLCQ$dOCLCF
=086  0\$aC 13.38:4125
=100  1\$aCole, Selden D.
=245  10$aUnderground pipe insulation :$bprogress report August 1, 1954 to May 31, 1955 /$cSelden D. Cole, Paul R. Achenbach.
=264  \1$aGaithersburg, MD :$bU.S. Dept. of Commerce, National Institute of Standards and Technology,$c1955.
=300  \\$a1 online resource.
=336  \\$atext$btxt$2rdacontent
=337  \\$acomputer$bc$2rdamedia
=338  \\$aonline resource$bcr$2rdacarrier
=490  1\$aNBS report ;$v4125
=500  \\$a1955.
=500  \\$aContributed record: Metadata reviewed, not verified. Some fields updated by batch processes.
=500  \\$aTitle from PDF title page.
=504  \\$aIncludes bibliographical references.
=650  \0$aInsulation.
=650  \0$aSteam-pipes$xTesting.
=650  \7$aSteam-pipes$xTesting.$2fast$0(OCoLC)fst01132390
=700  1\$aAchenbach, Paul R.
=700  1\$aCole, Selden D.
=710  1\$aUnited States.$bNational Bureau of Standards.
=830  \0$aNBS report ;$v4125.
=856  4\$uhttps://dx.doi.org/10.6028/NBS.RPT.4125
=856  4\$zAddress at time of PURL creation$uhttps://www.govinfo.gov/content/pkg/GOVPUB-C13-b09c21b80d39286e1f4be53f2d1562fd/pdf/GOVPUB-C13-b09c21b80d39286e1f4be53f2d1562fd.pdf
=856  40$uhttps://purl.fdlp.gov/GPO/gpo101917
=049  \\$aGPOO
=922  \\$aBatch-processed
=922  \\$aNIST-1$b20180815

