=LDR  01616nam  2200397Ia 45e0
=001  001076697
=003  OCoLC
=005  20180711121004.0
=008  161006s1955\\\\mdu\\\\\ob\\\f000\0\eng\d
=024  8\$aGOVPUB-C13-5d1250446cf7ed9c480d4500d2a06bc3
=035  \\$a(OCoLC)959983043
=040  \\$aNBS$beng$erda$cNBS$dOCLCO$dOCLCQ
=086  0\$aC 13.38:4495
=100  1\$aCopeland, Henry E.,$cJr.
=245  10$aPreliminary study, tropical storage of dental materials :$bprogress report /$cHenry E. Copeland, Jr., W.T. Sweeney.
=264  \1$aGaithersburg, MD :$bU.S. Dept. of Commerce, National Institute of Standards and Technology,$c1955.
=300  \\$a1 online resource.
=336  \\$atext$btxt$2rdacontent
=337  \\$acomputer$bc$2rdamedia
=338  \\$aonline resource$bcr$2rdacarrier
=490  1\$aNBS report ;$v4495
=500  \\$a1955.
=500  \\$aContributed record: Metadata reviewed, not verified. Some fields updated by batch processes.
=500  \\$aTitle from PDF title page.
=504  \\$aIncludes bibliographical references.
=650  \0$aDental materials$xStorage.
=700  1\$aCopeland, Henry E.,$cJr.
=700  1\$aSweeney, W. T.
=710  1\$aUnited States.$bNational Bureau of Standards.
=830  \0$aNBS report ;$v4495.
=856  4\$uhttps://dx.doi.org/10.6028/NBS.RPT.4495
=856  4\$zAddress at time of PURL creation$uhttps://www.govinfo.gov/content/pkg/GOVPUB-C13-5d1250446cf7ed9c480d4500d2a06bc3/pdf/GOVPUB-C13-5d1250446cf7ed9c480d4500d2a06bc3.pdf
=856  40$uhttps://purl.fdlp.gov/GPO/gpo98442
=049  \\$aGPOO
=922  \\$aBatch-processed
=922  \\$aNIST-1$b20180815

