=LDR  01578nam  2200397Ia 45e0
=001  001076894
=003  OCoLC
=005  20180711121004.0
=008  161006s1955\\\\mdu\\\\\ob\\\f000\0\eng\d
=024  8\$aGOVPUB-C13-9348c4769b4c13c6d09d5a49f09191c5
=035  \\$a(OCoLC)959983018
=040  \\$aNBS$beng$erda$cNBS$dOCLCO$dOCLCF$dOCLCQ
=086  0\$aC 13.38:4369
=100  1\$aCrouch, R. W.
=245  10$aCable splices with Scotchcast kit and AMP wire connectors /$cR.W. Crouch.
=264  \1$aGaithersburg, MD :$bU.S. Dept. of Commerce, National Institute of Standards and Technology,$c1955.
=300  \\$a1 online resource.
=336  \\$atext$btxt$2rdacontent
=337  \\$acomputer$bc$2rdamedia
=338  \\$aonline resource$bcr$2rdacarrier
=490  1\$aNBS report ;$v4369
=500  \\$a1955.
=500  \\$aContributed record: Metadata reviewed, not verified. Some fields updated by batch processes.
=500  \\$aTitle from PDF title page.
=504  \\$aIncludes bibliographical references.
=650  \0$aCables$xTesting.
=650  \7$aCables$xTesting.$2fast$0(OCoLC)fst00843637
=700  1\$aCrouch, R. W.
=710  1\$aUnited States.$bNational Bureau of Standards.
=830  \0$aNBS report ;$v4369.
=856  4\$uhttps://dx.doi.org/10.6028/NBS.RPT.4369
=856  4\$zAddress at time of PURL creation$uhttps://www.govinfo.gov/content/pkg/GOVPUB-C13-9348c4769b4c13c6d09d5a49f09191c5/pdf/GOVPUB-C13-9348c4769b4c13c6d09d5a49f09191c5.pdf
=856  40$uhttps://purl.fdlp.gov/GPO/gpo100750
=049  \\$aGPOO
=922  \\$aBatch-processed
=922  \\$aNIST-1$b20180815

