=LDR  01712nam  2200433Ia 45e0
=001  001076530
=003  OCoLC
=005  20180711120945.0
=008  160829s1955\\\\mdu\\\\\ob\\\f000\0\eng\d
=024  8\$aGOVPUB-C13-343c89a9d35cc5a66db459effbdcef89
=035  \\$a(OCoLC)957470336
=040  \\$aNBS$beng$erda$cNBS$dOCLCO$dOCLCF$dOCLCQ
=086  0\$aC 13.38:4291
=100  1\$aCullen, W. C.
=245  10$aEvaluation of the Bostitch stapler method for applying asphalt shingles /$cW.C. Cullen, H.R. Snoke.
=264  \1$aGaithersburg, MD :$bU.S. Dept. of Commerce, National Institute of Standards and Technology,$c1955.
=300  \\$a1 online resource.
=336  \\$atext$btxt$2rdacontent
=337  \\$acomputer$bc$2rdamedia
=338  \\$aonline resource$bcr$2rdacarrier
=490  1\$aNBS report ;$v4291
=500  \\$a1955.
=500  \\$aContributed record: Metadata reviewed, not verified. Some fields updated by batch processes.
=500  \\$aTitle from PDF title page.
=504  \\$aIncludes bibliographical references.
=650  \0$aRoofing$xTesting.
=650  \0$aShingles.
=650  \7$aRoofing$xTesting.$2fast$0(OCoLC)fst01100284
=650  \7$aShingles.$2fast$0(OCoLC)fst01116039
=700  1\$aCullen, W. C.
=700  1\$aSnoke, H. R.
=710  1\$aUnited States.$bNational Bureau of Standards.
=830  \0$aNBS report ;$v4291.
=856  4\$uhttps://dx.doi.org/10.6028/NBS.RPT.4291
=856  4\$zAddress at time of PURL creation$uhttps://www.govinfo.gov/content/pkg/GOVPUB-C13-343c89a9d35cc5a66db459effbdcef89/pdf/GOVPUB-C13-343c89a9d35cc5a66db459effbdcef89.pdf
=856  40$uhttps://purl.fdlp.gov/GPO/gpo96577
=049  \\$aGPOO
=922  \\$aBatch-processed
=922  \\$aNIST-1$b20180815

