=LDR  01727nam  2200433Ia 45e0
=001  001076900
=003  OCoLC
=005  20180711121004.0
=008  161006s1955\\\\mdu\\\\\ob\\\f000\0\eng\d
=024  8\$aGOVPUB-C13-94b7d28a7e16c4be775a10e754061f8c
=035  \\$a(OCoLC)959983030
=040  \\$aNBS$beng$erda$cNBS$dOCLCO$dOCLCF$dOCLCQ
=086  0\$aC 13.38:4421
=100  1\$aDouglas, C. A.
=245  10$aDesign and calibration of a remote-indicating, photoelectric brightness meter /$cC.A. Douglas, I. Nimeroff.
=264  \1$aGaithersburg, MD :$bU.S. Dept. of Commerce, National Institute of Standards and Technology,$c1955.
=300  \\$a1 online resource.
=336  \\$atext$btxt$2rdacontent
=337  \\$acomputer$bc$2rdamedia
=338  \\$aonline resource$bcr$2rdacarrier
=490  1\$aNBS report ;$v4421
=500  \\$a1955.
=500  \\$aContributed record: Metadata reviewed, not verified. Some fields updated by batch processes.
=500  \\$aTitle from PDF title page.
=504  \\$aIncludes bibliographical references.
=650  \0$aPhotoelectricity.
=650  \0$aSky$xColor.
=650  \7$aPhotoelectricity.$2fast$0(OCoLC)fst01061558
=650  \7$aSky$xColor.$2fast$0(OCoLC)fst01120261
=700  1\$aDouglas, C. A.
=700  1\$aNimeroff, I.
=710  1\$aUnited States.$bNational Bureau of Standards.
=830  \0$aNBS report ;$v4421.
=856  4\$uhttps://dx.doi.org/10.6028/NBS.RPT.4421
=856  4\$zAddress at time of PURL creation$uhttps://www.govinfo.gov/content/pkg/GOVPUB-C13-94b7d28a7e16c4be775a10e754061f8c/pdf/GOVPUB-C13-94b7d28a7e16c4be775a10e754061f8c.pdf
=856  40$uhttps://purl.fdlp.gov/GPO/gpo100806
=049  \\$aGPOO
=922  \\$aBatch-processed
=922  \\$aNIST-1$b20180815

