=LDR  01744nam  2200433Ia 45e0
=001  001076521
=003  OCoLC
=005  20180711121003.0
=008  161006s1955\\\\mdu\\\\\ob\\\f000\0\eng\d
=024  8\$aGOVPUB-C13-32805d3f57faa009cf78d42eda3edea1
=035  \\$a(OCoLC)959983000
=040  \\$aNBS$beng$erda$cNBS$dOCLCO$dOCLCF$dOCLCQ
=086  0\$aC 13.38:4047
=100  1\$aFerguson, R. E.
=245  10$aStable carbon isotope analysis by optical spectroscopy :$bprogress report /$cR.E. Ferguson, H.P. Broda.
=264  \1$aGaithersburg, MD :$bU.S. Dept. of Commerce, National Institute of Standards and Technology,$c1955.
=300  \\$a1 online resource.
=336  \\$atext$btxt$2rdacontent
=337  \\$acomputer$bc$2rdamedia
=338  \\$aonline resource$bcr$2rdacarrier
=490  1\$aNBS report ;$v4047
=500  \\$a1955.
=500  \\$aContributed record: Metadata reviewed, not verified. Some fields updated by batch processes.
=500  \\$aTitle from PDF title page.
=504  \\$aIncludes bibliographical references.
=650  \0$aCarbon$xIsotopes.
=650  \0$aOptical spectroscopy.
=650  \7$aCarbon$xIsotopes.$2fast$0(OCoLC)fst00846780
=650  \7$aOptical spectroscopy.$2fast$0(OCoLC)fst01739874
=700  1\$aBroda, H. P.
=700  1\$aFerguson, R. E.
=710  1\$aUnited States.$bNational Bureau of Standards.
=830  \0$aNBS report ;$v4047.
=856  4\$uhttps://dx.doi.org/10.6028/NBS.RPT.4047
=856  4\$zAddress at time of PURL creation$uhttps://www.govinfo.gov/content/pkg/GOVPUB-C13-32805d3f57faa009cf78d42eda3edea1/pdf/GOVPUB-C13-32805d3f57faa009cf78d42eda3edea1.pdf
=856  40$uhttps://purl.fdlp.gov/GPO/gpo96507
=049  \\$aGPOO
=922  \\$aBatch-processed
=922  \\$aNIST-1$b20180815

