=LDR  01825nam  2200457Ia 45e0
=001  001076632
=003  OCoLC
=005  20180711120944.0
=008  160829s1955\\\\mdu\\\\\ob\\\f000\0\eng\d
=024  8\$aGOVPUB-C13-4c7c0ba8bf75ab24e7e2340049a8f6e6
=035  \\$a(OCoLC)957470293
=040  \\$aNBS$beng$erda$cNBS$dOCLCO$dOCLCF$dOCLCQ
=086  0\$aC 13.38:3981
=100  1\$aFishburn, C. C.
=245  10$aWeep holes in concrete masonry panel walls /$cC.C. Fishburn, Edward J. McCamley Jr.
=264  \1$aGaithersburg, MD :$bU.S. Dept. of Commerce, National Institute of Standards and Technology,$c1955.
=300  \\$a1 online resource.
=336  \\$atext$btxt$2rdacontent
=337  \\$acomputer$bc$2rdamedia
=338  \\$aonline resource$bcr$2rdacarrier
=490  1\$aNBS report ;$v3981
=500  \\$a1955.
=500  \\$aContributed record: Metadata reviewed, not verified. Some fields updated by batch processes.
=500  \\$aTitle from PDF title page.
=504  \\$aIncludes bibliographical references.
=650  \0$aConcrete masonry.
=650  \0$aConcrete walls$xTesting.
=650  \0$aWeathering.
=650  \7$aConcrete masonry.$2fast$0(OCoLC)fst00874327
=650  \7$aConcrete walls$xTesting.$2fast$0(OCoLC)fst00874417
=650  \7$aWeathering.$2fast$0(OCoLC)fst01173186
=700  1\$aFishburn, C. C.
=700  1\$aMcCamley, Edward J.,$cJr.
=710  1\$aUnited States.$bNational Bureau of Standards.
=830  \0$aNBS report ;$v3981.
=856  4\$uhttps://dx.doi.org/10.6028/NBS.RPT.3981
=856  4\$zAddress at time of PURL creation$uhttps://www.govinfo.gov/content/pkg/GOVPUB-C13-4c7c0ba8bf75ab24e7e2340049a8f6e6/pdf/GOVPUB-C13-4c7c0ba8bf75ab24e7e2340049a8f6e6.pdf
=856  40$uhttps://purl.fdlp.gov/GPO/gpo97675
=049  \\$aGPOO
=922  \\$aBatch-processed
=922  \\$aNIST-1$b20180815

