=LDR  01637nam  2200397Ia 45e0
=001  001076811
=003  OCoLC
=005  20180711120945.0
=008  160829s1955\\\\mdu\\\\\ob\\\f000\0\eng\d
=024  8\$aGOVPUB-C13-7b382e5f937e44aec1f9dd41e40345b3
=035  \\$a(OCoLC)957470335
=040  \\$aNBS$beng$erda$cNBS$dOCLCO$dOCLCQ
=086  0\$aC 13.38:4288
=100  1\$aFujii, Minoru.
=245  10$aEffect of changes in engine speed on the capacity of the 1/2-ton Thermo King refrigerating unit, Model K-10 /$cMinoru Fujii, Carl W. Phillips, Paul R. Achenbach.
=264  \1$aGaithersburg, MD :$bU.S. Dept. of Commerce, National Institute of Standards and Technology,$c1955.
=300  \\$a1 online resource.
=336  \\$atext$btxt$2rdacontent
=337  \\$acomputer$bc$2rdamedia
=338  \\$aonline resource$bcr$2rdacarrier
=490  1\$aNBS report ;$v4288
=500  \\$a1955.
=500  \\$aContributed record: Metadata reviewed, not verified. Some fields updated by batch processes.
=500  \\$aTitle from PDF title page.
=504  \\$aIncludes bibliographical references.
=700  1\$aAchenbach, Paul R.
=700  1\$aFujii, Minoru.
=700  1\$aPhillips, Carl W.
=710  1\$aUnited States.$bNational Bureau of Standards.
=830  \0$aNBS report ;$v4288.
=856  4\$uhttps://dx.doi.org/10.6028/NBS.RPT.4288
=856  4\$zAddress at time of PURL creation$uhttps://www.govinfo.gov/content/pkg/GOVPUB-C13-7b382e5f937e44aec1f9dd41e40345b3/pdf/GOVPUB-C13-7b382e5f937e44aec1f9dd41e40345b3.pdf
=856  40$uhttps://purl.fdlp.gov/GPO/gpo99640
=049  \\$aGPOO
=922  \\$aBatch-processed
=922  \\$aNIST-1$b20180815

