=LDR  01653nam  2200421Ia 45e0
=001  001077284
=003  OCoLC
=005  20180711120944.0
=008  160829s1955\\\\mdu\\\\\ob\\\f000\0\eng\d
=024  8\$aGOVPUB-C13-f9b1e59f539e34795ffda3dadb8c1498
=035  \\$a(OCoLC)957470321
=040  \\$aNBS$beng$erda$cNBS$dOCLCO$dOCLCQ$dOCLCF
=086  0\$aC 13.38:4276
=100  1\$aFujii, Minoru.
=245  10$aComparison of three insulated food containers /$cMinoru Fujii, Carl W. Phillips.
=264  \1$aGaithersburg, MD :$bU.S. Dept. of Commerce, National Institute of Standards and Technology,$c1955.
=300  \\$a1 online resource.
=336  \\$atext$btxt$2rdacontent
=337  \\$acomputer$bc$2rdamedia
=338  \\$aonline resource$bcr$2rdacarrier
=490  1\$aNBS report ;$v4276
=500  \\$a1955.
=500  \\$aContributed record: Metadata reviewed, not verified. Some fields updated by batch processes.
=500  \\$aTitle from PDF title page.
=504  \\$aIncludes bibliographical references.
=650  \0$aInsulation.
=650  \0$aWater temperature.
=650  \7$aWater temperature.$2fast$0(OCoLC)fst01172115
=700  1\$aFujii, Minoru.
=700  1\$aPhillips, Carl W.
=710  1\$aUnited States.$bNational Bureau of Standards.
=830  \0$aNBS report ;$v4276.
=856  4\$uhttps://dx.doi.org/10.6028/NBS.RPT.4276
=856  4\$zAddress at time of PURL creation$uhttps://www.govinfo.gov/content/pkg/GOVPUB-C13-f9b1e59f539e34795ffda3dadb8c1498/pdf/GOVPUB-C13-f9b1e59f539e34795ffda3dadb8c1498.pdf
=856  40$uhttps://purl.fdlp.gov/GPO/gpo105169
=049  \\$aGPOO
=922  \\$aBatch-processed
=922  \\$aNIST-1$b20180815

