=LDR  01641nam  2200397Ia 45e0
=001  001076546
=003  OCoLC
=005  20180711120944.0
=008  160829s1955\\\\mdu\\\\\ob\\\f000\0\eng\d
=024  8\$aGOVPUB-C13-37fb2344130e7c4ae017d028947a08c1
=035  \\$a(OCoLC)957470296
=040  \\$aNBS$beng$erda$cNBS$dOCLCO$dOCLCQ
=086  0\$aC 13.38:4141
=100  1\$aHockman, Arthur.
=245  10$aControl of leakage through joints in cast-stone masonry at the National Naval Medical Center :$bprogress report no. 1 /$cArthur Hockman, E.J. McCamley, E.W. Krussell.
=264  \1$aGaithersburg, MD :$bU.S. Dept. of Commerce, National Institute of Standards and Technology,$c1955.
=300  \\$a1 online resource.
=336  \\$atext$btxt$2rdacontent
=337  \\$acomputer$bc$2rdamedia
=338  \\$aonline resource$bcr$2rdacarrier
=490  1\$aNBS report ;$v4141
=500  \\$a1955.
=500  \\$aContributed record: Metadata reviewed, not verified. Some fields updated by batch processes.
=500  \\$aTitle from PDF title page.
=504  \\$aIncludes bibliographical references.
=700  1\$aHockman, Arthur.
=700  1\$aKrussell, E. W.
=700  1\$aMcCamley, E. J.
=710  1\$aUnited States.$bNational Bureau of Standards.
=830  \0$aNBS report ;$v4141.
=856  4\$uhttps://dx.doi.org/10.6028/NBS.RPT.4141
=856  4\$zAddress at time of PURL creation$uhttps://www.govinfo.gov/content/pkg/GOVPUB-C13-37fb2344130e7c4ae017d028947a08c1/pdf/GOVPUB-C13-37fb2344130e7c4ae017d028947a08c1.pdf
=856  40$uhttps://purl.fdlp.gov/GPO/gpo96696
=049  \\$aGPOO
=922  \\$aBatch-processed
=922  \\$aNIST-1$b20180815

