=LDR  01705nam  2200421Ia 45e0
=001  001076723
=003  OCoLC
=005  20180711121003.0
=008  161006s1955\\\\mdu\\\\\ob\\\f000\0\eng\d
=024  8\$aGOVPUB-C13-63ea2fe3b721a60f89d24e033e28920e
=035  \\$a(OCoLC)959983002
=040  \\$aNBS$beng$erda$cNBS$dOCLCO$dOCLCF$dOCLCQ
=086  0\$aC 13.38:4086
=100  1\$aIrwin, L. K.
=245  10$aResults of static loading tests of Elfaca gratings by aircraft tires /$cL.K. Irwin.
=264  \1$aGaithersburg, MD :$bU.S. Dept. of Commerce, National Institute of Standards and Technology,$c1955.
=300  \\$a1 online resource.
=336  \\$atext$btxt$2rdacontent
=337  \\$acomputer$bc$2rdamedia
=338  \\$aonline resource$bcr$2rdacarrier
=490  1\$aNBS report ;$v4086
=500  \\$a1955.
=500  \\$aContributed record: Metadata reviewed, not verified. Some fields updated by batch processes.
=500  \\$aTitle from PDF title page.
=504  \\$aIncludes bibliographical references.
=650  \0$aAirplanes$xTires$xTesting.
=650  \0$aSteel bars$xTesting.
=650  \7$aAirplanes$xTires$xTesting.$2fast$0(OCoLC)fst00803499
=650  \7$aSteel bars$xTesting.$2fast$0(OCoLC)fst01132604
=700  1\$aIrwin, L. K.
=710  1\$aUnited States.$bNational Bureau of Standards.
=830  \0$aNBS report ;$v4086.
=856  4\$uhttps://dx.doi.org/10.6028/NBS.RPT.4086
=856  4\$zAddress at time of PURL creation$uhttps://www.govinfo.gov/content/pkg/GOVPUB-C13-63ea2fe3b721a60f89d24e033e28920e/pdf/GOVPUB-C13-63ea2fe3b721a60f89d24e033e28920e.pdf
=856  40$uhttps://purl.fdlp.gov/GPO/gpo98714
=049  \\$aGPOO
=922  \\$aBatch-processed
=922  \\$aNIST-1$b20180815

