=LDR  01671nam  2200397Ia 45e0
=001  001076332
=003  OCoLC
=005  20180711121004.0
=008  161006s1955\\\\mdu\\\\\ob\\\f000\0\eng\d
=024  8\$aGOVPUB-C13-002876ccf0cd7dd2d95b9b17abcc58b9
=035  \\$a(OCoLC)959983021
=040  \\$aNBS$beng$erda$cNBS$dOCLCO$dOCLCQ
=086  0\$aC 13.38:4322
=100  1\$aKeegan, Harry J.
=245  10$aSpectrophotometric and colorimetric change in the leaf of a white oak tree under conditions of natural drying and excessive moisture /$cHarry J. Keegan, John C. Schleter, Wiley A. Hall, Jr.
=264  \1$aGaithersburg, MD :$bU.S. Dept. of Commerce, National Institute of Standards and Technology,$c1955.
=300  \\$a1 online resource.
=336  \\$atext$btxt$2rdacontent
=337  \\$acomputer$bc$2rdamedia
=338  \\$aonline resource$bcr$2rdacarrier
=490  1\$aNBS report ;$v4322
=500  \\$a1955.
=500  \\$aContributed record: Metadata reviewed, not verified. Some fields updated by batch processes.
=500  \\$aTitle from PDF title page.
=504  \\$aIncludes bibliographical references.
=700  1\$aHall, Wiley A.,$cJr.
=700  1\$aKeegan, Harry J.
=700  1\$aSchleter, John C.
=710  1\$aUnited States.$bNational Bureau of Standards.
=830  \0$aNBS report ;$v4322.
=856  4\$uhttps://dx.doi.org/10.6028/NBS.RPT.4322
=856  4\$zAddress at time of PURL creation$uhttps://www.govinfo.gov/content/pkg/GOVPUB-C13-002876ccf0cd7dd2d95b9b17abcc58b9/pdf/GOVPUB-C13-002876ccf0cd7dd2d95b9b17abcc58b9.pdf
=856  40$uhttps://purl.fdlp.gov/GPO/gpo94413
=049  \\$aGPOO
=922  \\$aBatch-processed
=922  \\$aNIST-1$b20180815

