=LDR  01696nam  2200409Ia 45e0
=001  001076749
=003  OCoLC
=005  20180711120936.0
=008  161006s1955\\\\mdu\\\\\ob\\\f000\0\eng\d
=024  8\$aGOVPUB-C13-699d759eabbb5a8ed933832dec12a317
=035  \\$a(OCoLC)959983032
=040  \\$aNBS$beng$erda$cNBS$dOCLCO$dOCLCQ
=086  0\$aC 13.38:4438
=100  1\$aKeegan, Harry J.
=245  10$aSpectrophotometric and colorimetric study of the fading of dyed papers and cardboards under natural daylight /$cHarry J. Keegan, John C. Schleter, Wiley A. Hall, Jr., Gladys M. Haas.
=264  \1$aGaithersburg, MD :$bU.S. Dept. of Commerce, National Institute of Standards and Technology,$c1955.
=300  \\$a1 online resource.
=336  \\$atext$btxt$2rdacontent
=337  \\$acomputer$bc$2rdamedia
=338  \\$aonline resource$bcr$2rdacarrier
=490  1\$aNBS report ;$v4438
=500  \\$a1955.
=500  \\$aContributed record: Metadata reviewed, not verified. Some fields updated by batch processes.
=500  \\$aTitle from PDF title page.
=504  \\$aIncludes bibliographical references.
=700  1\$aHaas, Gladys M.
=700  1\$aHall, Wiley A.,$cJr.
=700  1\$aKeegan, Harry J.
=700  1\$aSchleter, John C.
=710  1\$aUnited States.$bNational Bureau of Standards.
=830  \0$aNBS report ;$v4438.
=856  4\$uhttps://dx.doi.org/10.6028/NBS.RPT.4438
=856  4\$zAddress at time of PURL creation$uhttps://www.govinfo.gov/content/pkg/GOVPUB-C13-699d759eabbb5a8ed933832dec12a317/pdf/GOVPUB-C13-699d759eabbb5a8ed933832dec12a317.pdf
=856  40$uhttps://purl.fdlp.gov/GPO/gpo98935
=049  \\$aGPOO
=922  \\$aBatch-processed
=922  \\$aNIST-1$b20180815

