=LDR  01627nam  2200397Ia 45e0
=001  001077243
=003  OCoLC
=005  20180711121004.0
=008  161006s1955\\\\mdu\\\\\ob\\\f000\0\eng\d
=024  8\$aGOVPUB-C13-ecf1d2d7c782ba9a8ff075e5e568eeaf
=035  \\$a(OCoLC)959983019
=040  \\$aNBS$beng$erda$cNBS$dOCLCO$dOCLCQ
=086  0\$aC 13.38:4370
=100  1\$aKeegan, Harry J.
=245  10$aSpectrophotometric and colorimetric study of foliage stored in covered metal containers /$cHarry J. Keegan, John C. Schleter, Wiley A. Hall, Jr.
=264  \1$aGaithersburg, MD :$bU.S. Dept. of Commerce, National Institute of Standards and Technology,$c1955.
=300  \\$a1 online resource.
=336  \\$atext$btxt$2rdacontent
=337  \\$acomputer$bc$2rdamedia
=338  \\$aonline resource$bcr$2rdacarrier
=490  1\$aNBS report ;$v4370
=500  \\$a1955.
=500  \\$aContributed record: Metadata reviewed, not verified. Some fields updated by batch processes.
=500  \\$aTitle from PDF title page.
=504  \\$aIncludes bibliographical references.
=700  1\$aHall, Wiley A.,$cJr.
=700  1\$aKeegan, Harry J.
=700  1\$aSchleter, John C.
=710  1\$aUnited States.$bNational Bureau of Standards.
=830  \0$aNBS report ;$v4370.
=856  4\$uhttps://dx.doi.org/10.6028/NBS.RPT.4370
=856  4\$zAddress at time of PURL creation$uhttps://www.govinfo.gov/content/pkg/GOVPUB-C13-ecf1d2d7c782ba9a8ff075e5e568eeaf/pdf/GOVPUB-C13-ecf1d2d7c782ba9a8ff075e5e568eeaf.pdf
=856  40$uhttps://purl.fdlp.gov/GPO/gpo104665
=049  \\$aGPOO
=922  \\$aBatch-processed
=922  \\$aNIST-1$b20180815

