=LDR  01545nam  2200385Ia 45e0
=001  001076420
=003  OCoLC
=005  20180711121003.0
=008  161006s1955\\\\mdu\\\\\ob\\\f000\0\eng\d
=024  8\$aGOVPUB-C13-1ab756e93f9a41dbc2ff353cadd715b2
=035  \\$a(OCoLC)959983003
=040  \\$aNBS$beng$erda$cNBS$dOCLCO$dOCLCQ
=086  0\$aC 13.38:4087
=100  1\$aLeReche, J. A.
=245  10$aEvaluation test of a modification kit for the AN/AVQ-2A aircraft searchlight /$cJ.A. LeReche, J.W. Lane.
=264  \1$aGaithersburg, MD :$bU.S. Dept. of Commerce, National Institute of Standards and Technology,$c1955.
=300  \\$a1 online resource.
=336  \\$atext$btxt$2rdacontent
=337  \\$acomputer$bc$2rdamedia
=338  \\$aonline resource$bcr$2rdacarrier
=490  1\$aNBS report ;$v4087
=500  \\$a1955.
=500  \\$aContributed record: Metadata reviewed, not verified. Some fields updated by batch processes.
=500  \\$aTitle from PDF title page.
=504  \\$aIncludes bibliographical references.
=700  1\$aLane, J. W.,$cSr.
=700  1\$aLeReche, J. A.
=710  1\$aUnited States.$bNational Bureau of Standards.
=830  \0$aNBS report ;$v4087.
=856  4\$uhttps://dx.doi.org/10.6028/NBS.RPT.4087
=856  4\$zAddress at time of PURL creation$uhttps://www.govinfo.gov/content/pkg/GOVPUB-C13-1ab756e93f9a41dbc2ff353cadd715b2/pdf/GOVPUB-C13-1ab756e93f9a41dbc2ff353cadd715b2.pdf
=856  40$uhttps://purl.fdlp.gov/GPO/gpo95375
=049  \\$aGPOO
=922  \\$aBatch-processed
=922  \\$aNIST-1$b20180815

