=LDR  01554nam  2200385Ia 45e0
=001  001076934
=003  OCoLC
=005  20180711120944.0
=008  160829s1955\\\\mdu\\\\\ob\\\f000\0\eng\d
=024  8\$aGOVPUB-C13-a1848ab0f8f747ded0e26f19dfcc226e
=035  \\$a(OCoLC)957470303
=040  \\$aNBS$beng$erda$cNBS$dOCLCO$dOCLCQ
=086  0\$aC 13.38:4063
=100  1\$aMcCamley, E. J.
=245  10$aWater permeability of hydrocide colorcoat coatings applied to concrete masonry /$cE.J. McCamley.
=264  \1$aGaithersburg, MD :$bU.S. Dept. of Commerce, National Institute of Standards and Technology,$c1955.
=300  \\$a1 online resource.
=336  \\$atext$btxt$2rdacontent
=337  \\$acomputer$bc$2rdamedia
=338  \\$aonline resource$bcr$2rdacarrier
=490  1\$aNBS report ;$v4063
=500  \\$a1955.
=500  \\$aContributed record: Metadata reviewed, not verified. Some fields updated by batch processes.
=500  \\$aTitle from PDF title page.
=504  \\$aIncludes bibliographical references.
=650  \0$aConcrete masonry$xPermeability.
=700  1\$aMcCamley, E. J.
=710  1\$aUnited States.$bNational Bureau of Standards.
=830  \0$aNBS report ;$v4063.
=856  4\$uhttps://dx.doi.org/10.6028/NBS.RPT.4063
=856  4\$zAddress at time of PURL creation$uhttps://www.govinfo.gov/content/pkg/GOVPUB-C13-a1848ab0f8f747ded0e26f19dfcc226e/pdf/GOVPUB-C13-a1848ab0f8f747ded0e26f19dfcc226e.pdf
=856  40$uhttps://purl.fdlp.gov/GPO/gpo101301
=049  \\$aGPOO
=922  \\$aBatch-processed
=922  \\$aNIST-1$b20180815

