=LDR  01543nam  2200385Ia 45e0
=001  001076491
=003  OCoLC
=005  20180711120944.0
=008  160829s1955\\\\mdu\\\\\ob\\\f000\0\eng\d
=024  8\$aGOVPUB-C13-2b75b0388f8d9c5650c1d6b26aa83f35
=035  \\$a(OCoLC)957470288
=040  \\$aNBS$beng$erda$cNBS$dOCLCO$dOCLCQ
=086  0\$aC 13.38:3974
=100  1\$aMcCamy, C. S.
=245  10$aSome optical properties of fine powder used for dry chemical fire extinguishment /$cC.S. McCamy.
=264  \1$aGaithersburg, MD :$bU.S. Dept. of Commerce, National Institute of Standards and Technology,$c1955.
=300  \\$a1 online resource.
=336  \\$atext$btxt$2rdacontent
=337  \\$acomputer$bc$2rdamedia
=338  \\$aonline resource$bcr$2rdacarrier
=490  1\$aNBS report ;$v3974
=500  \\$a1955.
=500  \\$aContributed record: Metadata reviewed, not verified. Some fields updated by batch processes.
=500  \\$aTitle from PDF title page.
=504  \\$aIncludes bibliographical references.
=650  \0$aFire extinction$xTesting.
=700  1\$aMcCamy, C. S.
=710  1\$aUnited States.$bNational Bureau of Standards.
=830  \0$aNBS report ;$v3974.
=856  4\$uhttps://dx.doi.org/10.6028/NBS.RPT.3974
=856  4\$zAddress at time of PURL creation$uhttps://www.govinfo.gov/content/pkg/GOVPUB-C13-2b75b0388f8d9c5650c1d6b26aa83f35/pdf/GOVPUB-C13-2b75b0388f8d9c5650c1d6b26aa83f35.pdf
=856  40$uhttps://purl.fdlp.gov/GPO/gpo96168
=049  \\$aGPOO
=922  \\$aBatch-processed
=922  \\$aNIST-1$b20180815

