=LDR  01657nam  2200409Ia 45e0
=001  001077239
=003  OCoLC
=005  20180711120944.0
=008  160829s1955\\\\mdu\\\\\ob\\\f000\0\eng\d
=024  8\$aGOVPUB-C13-ebab0fbd9a31b54c56082a43f3ecb8eb
=035  \\$a(OCoLC)957470290
=040  \\$aNBS$beng$erda$cNBS$dOCLCO$dOCLCF$dOCLCQ
=086  0\$aC 13.38:3993
=100  1\$aMcDorman, O. N.
=245  10$aPerformance of a gas-fired wall heater installed in a basementless house /$cO.N. McDorman, Paul R. Achenbach.
=264  \1$aGaithersburg, MD :$bU.S. Dept. of Commerce, National Institute of Standards and Technology,$c1955.
=300  \\$a1 online resource.
=336  \\$atext$btxt$2rdacontent
=337  \\$acomputer$bc$2rdamedia
=338  \\$aonline resource$bcr$2rdacarrier
=490  1\$aNBS report ;$v3993
=500  \\$a1955.
=500  \\$aContributed record: Metadata reviewed, not verified. Some fields updated by batch processes.
=500  \\$aTitle from PDF title page.
=504  \\$aIncludes bibliographical references.
=650  \0$aHeating$xResearch.
=650  \7$aHeating$xResearch.$2fast$0(OCoLC)fst00954064
=700  1\$aAchenbach, Paul R.
=700  1\$aMcDorman, O. N.
=710  1\$aUnited States.$bNational Bureau of Standards.
=830  \0$aNBS report ;$v3993.
=856  4\$uhttps://dx.doi.org/10.6028/NBS.RPT.3993
=856  4\$zAddress at time of PURL creation$uhttps://www.govinfo.gov/content/pkg/GOVPUB-C13-ebab0fbd9a31b54c56082a43f3ecb8eb/pdf/GOVPUB-C13-ebab0fbd9a31b54c56082a43f3ecb8eb.pdf
=856  40$uhttps://purl.fdlp.gov/GPO/gpo104608
=049  \\$aGPOO
=922  \\$aBatch-processed
=922  \\$aNIST-1$b20180815

