=LDR  01708nam  2200421Ia 45e0
=001  001076345
=003  OCoLC
=005  20180711120958.0
=008  161006s1955\\\\mdu\\\\\ob\\\f000\0\eng\d
=024  8\$aGOVPUB-C13-04a6e2bf747bbcc5abc3229f4cfc81fc
=035  \\$a(OCoLC)959982690
=040  \\$aNBS$beng$erda$cNBS$dOCLCO$dOCLCQ$dOCLCF
=086  0\$aC 13.38:4285
=100  1\$aMullis, W. F.
=245  10$aPhotometric tests of an AVQ-2A aircraft searchlight equipped with each of several reflectors /$cW.F. Mullis, T.H. Projector.
=264  \1$aGaithersburg, MD :$bU.S. Dept. of Commerce, National Institute of Standards and Technology,$c1955.
=300  \\$a1 online resource.
=336  \\$atext$btxt$2rdacontent
=337  \\$acomputer$bc$2rdamedia
=338  \\$aonline resource$bcr$2rdacarrier
=490  1\$aNBS report ;$v4285
=500  \\$a1955.
=500  \\$aContributed record: Metadata reviewed, not verified. Some fields updated by batch processes.
=500  \\$aTitle from PDF title page.
=504  \\$aIncludes bibliographical references.
=650  \0$aAirplanes, Military.
=650  \0$aSearchlights$xTesting.
=650  \7$aAirplanes, Military.$2fast$0(OCoLC)fst00803587
=700  1\$aMullis, W. F.
=700  1\$aProjector, T. H.
=710  1\$aUnited States.$bNational Bureau of Standards.
=830  \0$aNBS report ;$v4285.
=856  4\$uhttps://dx.doi.org/10.6028/NBS.RPT.4285
=856  4\$zAddress at time of PURL creation$uhttps://www.govinfo.gov/content/pkg/GOVPUB-C13-04a6e2bf747bbcc5abc3229f4cfc81fc/pdf/GOVPUB-C13-04a6e2bf747bbcc5abc3229f4cfc81fc.pdf
=856  40$uhttps://purl.fdlp.gov/GPO/gpo94508
=049  \\$aGPOO
=922  \\$aBatch-processed
=922  \\$aNIST-1$b20180815

