=LDR  01789nam  2200433Ia 45e0
=001  001076846
=003  OCoLC
=005  20180711121001.0
=008  161006s1955\\\\mdu\\\\\ob\\\f000\0\eng\d
=024  8\$aGOVPUB-C13-86e0a1c09ff9dfd50aa7606a3dfdf7ae
=035  \\$a(OCoLC)959982829
=040  \\$aNBS$beng$erda$cNBS$dOCLCO$dOCLCF$dOCLCQ
=086  0\$aC 13.38:4279
=100  1\$aMullis, W. F.
=245  10$aPhotometric tests of an AVQ-2A aircraft searchlight equipped with a precision-grade, parabolic "non-roll-off" edge, back-silvered glass reflector /$cW.F. Mullis, T.H. Projector.
=264  \1$aGaithersburg, MD :$bU.S. Dept. of Commerce, National Institute of Standards and Technology,$c1955.
=300  \\$a1 online resource.
=336  \\$atext$btxt$2rdacontent
=337  \\$acomputer$bc$2rdamedia
=338  \\$aonline resource$bcr$2rdacarrier
=490  1\$aNBS report ;$v4279
=500  \\$a1955.
=500  \\$aContributed record: Metadata reviewed, not verified. Some fields updated by batch processes.
=500  \\$aTitle from PDF title page.
=504  \\$aIncludes bibliographical references.
=650  \0$aAirplanes.
=650  \0$aSearchlights.
=650  \7$aAirplanes.$2fast$0(OCoLC)fst00803053
=650  \7$aSearchlights.$2fast$0(OCoLC)fst01716013
=700  1\$aMullis, W. F.
=700  1\$aProjector, T. H.
=710  1\$aUnited States.$bNational Bureau of Standards.
=830  \0$aNBS report ;$v4279.
=856  4\$uhttps://dx.doi.org/10.6028/NBS.RPT.4279
=856  4\$zAddress at time of PURL creation$uhttps://www.govinfo.gov/content/pkg/GOVPUB-C13-86e0a1c09ff9dfd50aa7606a3dfdf7ae/pdf/GOVPUB-C13-86e0a1c09ff9dfd50aa7606a3dfdf7ae.pdf
=856  40$uhttps://purl.fdlp.gov/GPO/gpo100270
=049  \\$aGPOO
=922  \\$aBatch-processed
=922  \\$aNIST-1$b20180815

