=LDR  01516nam  2200385Ia 45e0
=001  001076650
=003  OCoLC
=005  20180711120936.0
=008  161006s1955\\\\mdu\\\\\ob\\\f000\0\eng\d
=024  8\$aGOVPUB-C13-50532af9bfaf614ad7f7be24cbc72ad7
=035  \\$a(OCoLC)959982995
=040  \\$aNBS$beng$erda$cNBS$dOCLCO$dOCLCQ
=086  0\$aC 13.38:3913
=100  1\$aNatrella, Mary G.
=245  10$aAnalysis of pebble data received from H.F. Albee /$cMary G. Natrella.
=264  \1$aGaithersburg, MD :$bU.S. Dept. of Commerce, National Institute of Standards and Technology,$c1955.
=300  \\$a1 online resource.
=336  \\$atext$btxt$2rdacontent
=337  \\$acomputer$bc$2rdamedia
=338  \\$aonline resource$bcr$2rdacarrier
=490  1\$aNBS report ;$v3913
=500  \\$a1955.
=500  \\$aContributed record: Metadata reviewed, not verified. Some fields updated by batch processes.
=500  \\$aTitle from PDF title page.
=504  \\$aIncludes bibliographical references.
=650  \0$aQuartz$xSampling.
=700  1\$aNatrella, Mary G.
=710  1\$aUnited States.$bNational Bureau of Standards.
=830  \0$aNBS report ;$v3913.
=856  4\$uhttps://dx.doi.org/10.6028/NBS.RPT.3913
=856  4\$zAddress at time of PURL creation$uhttps://www.govinfo.gov/content/pkg/GOVPUB-C13-50532af9bfaf614ad7f7be24cbc72ad7/pdf/GOVPUB-C13-50532af9bfaf614ad7f7be24cbc72ad7.pdf
=856  40$uhttps://purl.fdlp.gov/GPO/gpo97823
=049  \\$aGPOO
=922  \\$aBatch-processed
=922  \\$aNIST-1$b20180815

