=LDR  01608nam  2200397Ia 45e0
=001  001076364
=003  OCoLC
=005  20180711121004.0
=008  161006s1955\\\\mdu\\\\\ob\\\f000\0\eng\d
=024  8\$aGOVPUB-C13-093523b5dce5205b82334142df226168
=035  \\$a(OCoLC)959983034
=040  \\$aNBS$beng$erda$cNBS$dOCLCO$dOCLCF$dOCLCQ
=086  0\$aC 13.38:4449
=100  1\$aNimeroff, I.
=245  10$aAnalysis of mercury lamps and filter combinations for use as aviation-green lights /$cI. Nimeroff.
=264  \1$aGaithersburg, MD :$bU.S. Dept. of Commerce, National Institute of Standards and Technology,$c1955.
=300  \\$a1 online resource.
=336  \\$atext$btxt$2rdacontent
=337  \\$acomputer$bc$2rdamedia
=338  \\$aonline resource$bcr$2rdacarrier
=490  1\$aNBS report ;$v4449
=500  \\$a1955.
=500  \\$aContributed record: Metadata reviewed, not verified. Some fields updated by batch processes.
=500  \\$aTitle from PDF title page.
=504  \\$aIncludes bibliographical references.
=650  \0$aAirplanes$xLighting.
=650  \7$aAirplanes$xLighting.$2fast$0(OCoLC)fst00803270
=700  1\$aNimeroff, I.
=710  1\$aUnited States.$bNational Bureau of Standards.
=830  \0$aNBS report ;$v4449.
=856  4\$uhttps://dx.doi.org/10.6028/NBS.RPT.4449
=856  4\$zAddress at time of PURL creation$uhttps://www.govinfo.gov/content/pkg/GOVPUB-C13-093523b5dce5205b82334142df226168/pdf/GOVPUB-C13-093523b5dce5205b82334142df226168.pdf
=856  40$uhttps://purl.fdlp.gov/GPO/gpo94664
=049  \\$aGPOO
=922  \\$aBatch-processed
=922  \\$aNIST-1$b20180815

