=LDR  01733nam  2200445Ia 45e0
=001  001076862
=003  OCoLC
=005  20180711120944.0
=008  160829s1955\\\\mdu\\\\\ob\\\f000\0\eng\d
=024  8\$aGOVPUB-C13-8b7b87227b1fa4ae856237131d48c3e8
=035  \\$a(OCoLC)957470320
=040  \\$aNBS$beng$erda$cNBS$dOCLCO$dOCLCF$dOCLCQ
=086  0\$aC 13.38:4233
=100  1\$aOglio, Edward R.
=245  12$aA study of rubber-asphalt paving materials /$cEdward R. Oglio.
=264  \1$aGaithersburg, MD :$bU.S. Dept. of Commerce, National Institute of Standards and Technology,$c1955.
=300  \\$a1 online resource.
=336  \\$atext$btxt$2rdacontent
=337  \\$acomputer$bc$2rdamedia
=338  \\$aonline resource$bcr$2rdacarrier
=490  1\$aNBS report ;$v4233
=500  \\$a1955.
=500  \\$aContributed record: Metadata reviewed, not verified. Some fields updated by batch processes.
=500  \\$aTitle from PDF title page.
=504  \\$aIncludes bibliographical references.
=650  \0$aAsphalt cement.
=650  \0$aAsphalt-rubber.
=650  \0$aRoads.
=650  \7$aAsphalt cement.$2fast$0(OCoLC)fst00818839
=650  \7$aAsphalt-rubber.$2fast$0(OCoLC)fst00818882
=650  \7$aRoads.$2fast$0(OCoLC)fst01098511
=700  1\$aOglio, Edward R.
=710  1\$aUnited States.$bNational Bureau of Standards.
=830  \0$aNBS report ;$v4233.
=856  4\$uhttps://dx.doi.org/10.6028/NBS.RPT.4233
=856  4\$zAddress at time of PURL creation$uhttps://www.govinfo.gov/content/pkg/GOVPUB-C13-8b7b87227b1fa4ae856237131d48c3e8/pdf/GOVPUB-C13-8b7b87227b1fa4ae856237131d48c3e8.pdf
=856  40$uhttps://purl.fdlp.gov/GPO/gpo100440
=049  \\$aGPOO
=922  \\$aBatch-processed
=922  \\$aNIST-1$b20180815

