=LDR  01702nam  2200409Ia 45e0
=001  001076730
=003  OCoLC
=005  20180711120944.0
=008  160829s1955\\\\mdu\\\\\ob\\\f000\0\eng\d
=024  8\$aGOVPUB-C13-64f3aafa950c1081c80b9209317b3606
=035  \\$a(OCoLC)957470302
=040  \\$aNBS$beng$erda$cNBS$dOCLCO$dOCLCQ
=086  0\$aC 13.38:4055
=100  1\$aPendergast, W. L.
=245  10$aEvaluation of refractory qualities of concretes for jet aircraft warm up, power check, and maintenance aprons :$bquarterly report /$cW.L. Pendergast, Edward C. Tuma, R.A. Clevenger, S.F. Holley.
=264  \1$aGaithersburg, MD :$bU.S. Dept. of Commerce, National Institute of Standards and Technology,$c1955.
=300  \\$a1 online resource.
=336  \\$atext$btxt$2rdacontent
=337  \\$acomputer$bc$2rdamedia
=338  \\$aonline resource$bcr$2rdacarrier
=490  1\$aNBS report ;$v4055
=500  \\$a1955.
=500  \\$aContributed record: Metadata reviewed, not verified. Some fields updated by batch processes.
=500  \\$aTitle from PDF title page.
=504  \\$aIncludes bibliographical references.
=700  1\$aClevenger, R. A.
=700  1\$aHolley, S. F.
=700  1\$aPendergast, W. L.
=700  1\$aTuma, Edward C.
=710  1\$aUnited States.$bNational Bureau of Standards.
=830  \0$aNBS report ;$v4055.
=856  4\$uhttps://dx.doi.org/10.6028/NBS.RPT.4055
=856  4\$zAddress at time of PURL creation$uhttps://www.govinfo.gov/content/pkg/GOVPUB-C13-64f3aafa950c1081c80b9209317b3606/pdf/GOVPUB-C13-64f3aafa950c1081c80b9209317b3606.pdf
=856  40$uhttps://purl.fdlp.gov/GPO/gpo98757
=049  \\$aGPOO
=922  \\$aBatch-processed
=922  \\$aNIST-1$b20180815

