=LDR  01811nam  2200409Ia 45e0
=001  001077089
=003  OCoLC
=005  20180711120939.0
=008  160829s1955\\\\mdu\\\\\ob\\\f000\0\eng\d
=024  8\$aGOVPUB-C13-c87588dd7300242564d86876626324cd
=035  \\$a(OCoLC)957469969
=040  \\$aNBS$beng$erda$cNBS$dOCLCO$dOCLCF$dOCLCQ
=086  0\$aC 13.38:3885
=100  1\$aPhillips, C. W.$q(Clinton Woodward),$d1919-
=245  10$aProposed draft of federal specification AA-R-211d refrigerators, electric, self-contained, domestic type /$cC.W. Phillips, Paul R. Achenbach.
=264  \1$aGaithersburg, MD :$bU.S. Dept. of Commerce, National Institute of Standards and Technology,$c1955.
=300  \\$a1 online resource.
=336  \\$atext$btxt$2rdacontent
=337  \\$acomputer$bc$2rdamedia
=338  \\$aonline resource$bcr$2rdacarrier
=490  1\$aNBS report ;$v3885
=500  \\$a1955.
=500  \\$aContributed record: Metadata reviewed, not verified. Some fields updated by batch processes.
=500  \\$aTitle from PDF title page.
=504  \\$aIncludes bibliographical references.
=650  \0$aRefrigeration and refrigerating machinery$xTesting.
=650  \7$aRefrigeration and refrigerating machinery$xTesting.$2fast$0(OCoLC)fst01092744
=700  1\$aAchenbach, Paul R.
=700  1\$aPhillips, C. W.$q(Clinton Woodward),$d1919-
=710  1\$aUnited States.$bNational Bureau of Standards.
=830  \0$aNBS report ;$v3885.
=856  4\$uhttps://dx.doi.org/10.6028/NBS.RPT.3885
=856  4\$zAddress at time of PURL creation$uhttps://www.govinfo.gov/content/pkg/GOVPUB-C13-c87588dd7300242564d86876626324cd/pdf/GOVPUB-C13-c87588dd7300242564d86876626324cd.pdf
=856  40$uhttps://purl.fdlp.gov/GPO/gpo102905
=049  \\$aGPOO
=922  \\$aBatch-processed
=922  \\$aNIST-1$b20180815

