=LDR  01889nam  2200433Ia 45e0
=001  001077016
=003  OCoLC
=005  20180711120945.0
=008  160829s1955\\\\mdu\\\\\ob\\\f000\0\eng\d
=024  8\$aGOVPUB-C13-b691e18f079812ef6101ca6267474cd6
=035  \\$a(OCoLC)957470339
=040  \\$aNBS$beng$erda$cNBS$dOCLCO$dOCLCF$dOCLCQ
=086  0\$aC 13.38:4334
=100  1\$aPhillips, Carl W.
=245  10$aConversion of the Thermo-King gasoline engine driven one-ton warehouse refrigerating unit to electric drive /$cCarl W. Phillips, Paul R. Achenbach.
=264  \1$aGaithersburg, MD :$bU.S. Dept. of Commerce, National Institute of Standards and Technology,$c1955.
=300  \\$a1 online resource.
=336  \\$atext$btxt$2rdacontent
=337  \\$acomputer$bc$2rdamedia
=338  \\$aonline resource$bcr$2rdacarrier
=490  1\$aNBS report ;$v4334
=500  \\$a1955.
=500  \\$aContributed record: Metadata reviewed, not verified. Some fields updated by batch processes.
=500  \\$aTitle from PDF title page.
=504  \\$aIncludes bibliographical references.
=650  \0$aRefrigeration and refrigerating machinery$xTesting.
=650  \0$aSpark ignition engines$xTesting.
=650  \7$aRefrigeration and refrigerating machinery$xTesting.$2fast$0(OCoLC)fst01092744
=650  \7$aSpark ignition engines$xTesting.$2fast$0(OCoLC)fst01431504
=700  1\$aAchenbach, Paul R.
=700  1\$aPhillips, Carl W.
=710  1\$aUnited States.$bNational Bureau of Standards.
=830  \0$aNBS report ;$v4334.
=856  4\$uhttps://dx.doi.org/10.6028/NBS.RPT.4334
=856  4\$zAddress at time of PURL creation$uhttps://www.govinfo.gov/content/pkg/GOVPUB-C13-b691e18f079812ef6101ca6267474cd6/pdf/GOVPUB-C13-b691e18f079812ef6101ca6267474cd6.pdf
=856  40$uhttps://purl.fdlp.gov/GPO/gpo102150
=049  \\$aGPOO
=922  \\$aBatch-processed
=922  \\$aNIST-1$b20180815

