=LDR  01724nam  2200409Ia 45e0
=001  001076743
=003  OCoLC
=005  20180711121004.0
=008  161006s1955\\\\mdu\\\\\ob\\\f000\0\eng\d
=024  8\$aGOVPUB-C13-687049ae1fbb3adde42f4283c2d7b823
=035  \\$a(OCoLC)959983036
=040  \\$aNBS$beng$erda$cNBS$dOCLCO$dOCLCF$dOCLCQ
=086  0\$aC 13.38:4463
=110  2\$aPhotometry and Colorimetry Section.
=245  10$aCurrent-intensity, voltage-intensity, and current-voltage characteristics of runway- and approach-light lamps /$cPhotometry and Colorimetry Section.
=264  \1$aGaithersburg, MD :$bU.S. Dept. of Commerce, National Institute of Standards and Technology,$c1955.
=300  \\$a1 online resource.
=336  \\$atext$btxt$2rdacontent
=337  \\$acomputer$bc$2rdamedia
=338  \\$aonline resource$bcr$2rdacarrier
=490  1\$aNBS report ;$v4463
=500  \\$a1955.
=500  \\$aContributed record: Metadata reviewed, not verified. Some fields updated by batch processes.
=500  \\$aTitle from PDF title page.
=504  \\$aIncludes bibliographical references.
=650  \0$aAeronautics.
=650  \0$aSignal lights.
=650  \7$aAeronautics.$2fast$0(OCoLC)fst00798293
=650  \7$aSignal lights.$2fast$0(OCoLC)fst01118278
=710  1\$aUnited States.$bNational Bureau of Standards.
=830  \0$aNBS report ;$v4463.
=856  4\$uhttps://dx.doi.org/10.6028/NBS.RPT.4463
=856  4\$zAddress at time of PURL creation$uhttps://www.govinfo.gov/content/pkg/GOVPUB-C13-687049ae1fbb3adde42f4283c2d7b823/pdf/GOVPUB-C13-687049ae1fbb3adde42f4283c2d7b823.pdf
=856  40$uhttps://purl.fdlp.gov/GPO/gpo98893
=049  \\$aGPOO
=922  \\$aBatch-processed
=922  \\$aNIST-1$b20180815

