=LDR  01792nam  2200433Ia 45e0
=001  001076742
=003  OCoLC
=005  20180711120944.0
=008  160829s1955\\\\mdu\\\\\ob\\\f000\0\eng\d
=024  8\$aGOVPUB-C13-6816780b9428caabf17c8a6481bf6c84
=035  \\$a(OCoLC)957470280
=040  \\$aNBS$beng$erda$cNBS$dOCLCO$dOCLCF$dOCLCQ
=086  0\$aC 13.38:3868
=100  1\$aRichards, Lloyd E.
=245  10$aThermal conductivity of a specimen of stainless steel Type 446 /$cLloyd E. Richards, Henry E. Robinson.
=264  \1$aGaithersburg, MD :$bU.S. Dept. of Commerce, National Institute of Standards and Technology,$c1955.
=300  \\$a1 online resource.
=336  \\$atext$btxt$2rdacontent
=337  \\$acomputer$bc$2rdamedia
=338  \\$aonline resource$bcr$2rdacarrier
=490  1\$aNBS report ;$v3868
=500  \\$a1955.
=500  \\$aContributed record: Metadata reviewed, not verified. Some fields updated by batch processes.
=500  \\$aTitle from PDF title page.
=504  \\$aIncludes bibliographical references.
=650  \0$aMetals$xThermal conductivity.
=650  \0$aThermocouples$xCalibration.
=650  \7$aMetals$xThermal conductivity.$2fast$0(OCoLC)fst01765372
=650  \7$aThermocouples$xCalibration.$2fast$0(OCoLC)fst01149822
=700  1\$aRichards, Lloyd E.
=700  1\$aRobinson, Henry E.
=710  1\$aUnited States.$bNational Bureau of Standards.
=830  \0$aNBS report ;$v3868.
=856  4\$uhttps://dx.doi.org/10.6028/NBS.RPT.3868
=856  4\$zAddress at time of PURL creation$uhttps://www.govinfo.gov/content/pkg/GOVPUB-C13-6816780b9428caabf17c8a6481bf6c84/pdf/GOVPUB-C13-6816780b9428caabf17c8a6481bf6c84.pdf
=856  40$uhttps://purl.fdlp.gov/GPO/gpo98877
=049  \\$aGPOO
=922  \\$aBatch-processed
=922  \\$aNIST-1$b20180815

