=LDR  01662nam  2200409Ia 45e0
=001  001077285
=003  OCoLC
=005  20180711120944.0
=008  160829s1955\\\\mdu\\\\\ob\\\f000\0\eng\d
=024  8\$aGOVPUB-C13-f9da8a2bd54c8bdfc709caf79eb4149f
=035  \\$a(OCoLC)957470301
=040  \\$aNBS$beng$erda$cNBS$dOCLCO$dOCLCF$dOCLCQ
=086  0\$aC 13.38:4038
=100  1\$aRichards, Lloyd E.
=245  10$aThermal conductivity of a specimen of Inconel /$cLloyd E. Richards, Henry E. Robinson.
=264  \1$aGaithersburg, MD :$bU.S. Dept. of Commerce, National Institute of Standards and Technology,$c1955.
=300  \\$a1 online resource.
=336  \\$atext$btxt$2rdacontent
=337  \\$acomputer$bc$2rdamedia
=338  \\$aonline resource$bcr$2rdacarrier
=490  1\$aNBS report ;$v4038
=500  \\$a1955.
=500  \\$aContributed record: Metadata reviewed, not verified. Some fields updated by batch processes.
=500  \\$aTitle from PDF title page.
=504  \\$aIncludes bibliographical references.
=650  \0$aMetals$xThermal conductivity.
=650  \7$aMetals$xThermal conductivity.$2fast$0(OCoLC)fst01765372
=700  1\$aRichards, Lloyd E.
=700  1\$aRobinson, Henry E.
=710  1\$aUnited States.$bNational Bureau of Standards.
=830  \0$aNBS report ;$v4038.
=856  4\$uhttps://dx.doi.org/10.6028/NBS.RPT.4038
=856  4\$zAddress at time of PURL creation$uhttps://www.govinfo.gov/content/pkg/GOVPUB-C13-f9da8a2bd54c8bdfc709caf79eb4149f/pdf/GOVPUB-C13-f9da8a2bd54c8bdfc709caf79eb4149f.pdf
=856  40$uhttps://purl.fdlp.gov/GPO/gpo105175
=049  \\$aGPOO
=922  \\$aBatch-processed
=922  \\$aNIST-1$b20180815

