=LDR  01579nam  2200397Ia 45e0
=001  001076548
=003  OCoLC
=005  20180711120945.0
=008  160829s1955\\\\mdu\\\\\ob\\\f000\0\eng\d
=024  8\$aGOVPUB-C13-382d664aa96ce7e22358f46809221613
=035  \\$a(OCoLC)957470342
=040  \\$aNBS$beng$erda$cNBS$dOCLCO$dOCLCQ
=086  0\$aC 13.38:4364
=100  1\$aRobertson, A. F.
=245  12$aA new test method for evaluating flammability of interior finishes /$cA.F. Robertson, Daniel Gross, J. Loftus.
=264  \1$aGaithersburg, MD :$bU.S. Dept. of Commerce, National Institute of Standards and Technology,$c1955.
=300  \\$a1 online resource.
=336  \\$atext$btxt$2rdacontent
=337  \\$acomputer$bc$2rdamedia
=338  \\$aonline resource$bcr$2rdacarrier
=490  1\$aNBS report ;$v4364
=500  \\$a1955.
=500  \\$aContributed record: Metadata reviewed, not verified. Some fields updated by batch processes.
=500  \\$aTitle from PDF title page.
=504  \\$aIncludes bibliographical references.
=700  1\$aGross, Daniel.
=700  1\$aLoftus, J.
=700  1\$aRobertson, A. F.
=710  1\$aUnited States.$bNational Bureau of Standards.
=830  \0$aNBS report ;$v4364.
=856  4\$uhttps://dx.doi.org/10.6028/NBS.RPT.4364
=856  4\$zAddress at time of PURL creation$uhttps://www.govinfo.gov/content/pkg/GOVPUB-C13-382d664aa96ce7e22358f46809221613/pdf/GOVPUB-C13-382d664aa96ce7e22358f46809221613.pdf
=856  40$uhttps://purl.fdlp.gov/GPO/gpo96700
=049  \\$aGPOO
=922  \\$aBatch-processed
=922  \\$aNIST-1$b20180815

