=LDR  01713nam  2200421Ia 45e0
=001  001077259
=003  OCoLC
=005  20180711120944.0
=008  160829s1955\\\\mdu\\\\\ob\\\f000\0\eng\d
=024  8\$aGOVPUB-C13-effe85cade1090cfc260ac87840307d5
=035  \\$a(OCoLC)957470287
=040  \\$aNBS$beng$erda$cNBS$dOCLCO$dOCLCQ$dOCLCO$dOCLCF
=086  0\$aC 13.38:3962
=100  1\$aRobertson, A. F.
=245  10$aFire research work in Britain and France /$cA.F. Robertson.
=264  \1$aGaithersburg, MD :$bU.S. Dept. of Commerce, National Institute of Standards and Technology,$c1955.
=300  \\$a1 online resource.
=336  \\$atext$btxt$2rdacontent
=337  \\$acomputer$bc$2rdamedia
=338  \\$aonline resource$bcr$2rdacarrier
=490  1\$aNBS report ;$v3962
=500  \\$a1955.
=500  \\$aContributed record: Metadata reviewed, not verified. Some fields updated by batch processes.
=500  \\$aTitle from PDF title page.
=504  \\$aIncludes bibliographical references.
=650  \0$aFire prevention$xResearch$zGreat Britain.
=650  \0$aFire prevention$xResearch$zFrance.
=650  \7$aFire prevention$xResearch.$2fast$0(OCoLC)fst00925487
=651  \7$aFrance.$2fast$0(OCoLC)fst01204289
=700  1\$aRobertson, A. F.
=710  1\$aUnited States.$bNational Bureau of Standards.
=830  \0$aNBS report ;$v3962.
=856  4\$uhttps://dx.doi.org/10.6028/NBS.RPT.3962
=856  4\$zAddress at time of PURL creation$uhttps://www.govinfo.gov/content/pkg/GOVPUB-C13-effe85cade1090cfc260ac87840307d5/pdf/GOVPUB-C13-effe85cade1090cfc260ac87840307d5.pdf
=856  40$uhttps://purl.fdlp.gov/GPO/gpo104792
=049  \\$aGPOO
=922  \\$aBatch-processed
=922  \\$aNIST-1$b20180815

