=LDR  01686nam  2200409Ia 45e0
=001  001076738
=003  OCoLC
=005  20180711120944.0
=008  160829s1955\\\\mdu\\\\\ob\\\f000\0\eng\d
=024  8\$aGOVPUB-C13-675b7268cef834c5da702fab1b5c3a5d
=035  \\$a(OCoLC)957470304
=040  \\$aNBS$beng$erda$cNBS$dOCLCO$dOCLCF$dOCLCQ
=086  0\$aC 13.38:4110
=100  1\$aRobinson, Henry E.
=245  10$aPerformance tests of a Dollinger Staynew automatic air filter Model A-4 (Type HD panels) /$cHenry E. Robinson, Thomas W. Watson.
=264  \1$aGaithersburg, MD :$bU.S. Dept. of Commerce, National Institute of Standards and Technology,$c1955.
=300  \\$a1 online resource.
=336  \\$atext$btxt$2rdacontent
=337  \\$acomputer$bc$2rdamedia
=338  \\$aonline resource$bcr$2rdacarrier
=490  1\$aNBS report ;$v4110
=500  \\$a1955.
=500  \\$aContributed record: Metadata reviewed, not verified. Some fields updated by batch processes.
=500  \\$aTitle from PDF title page.
=504  \\$aIncludes bibliographical references.
=650  \0$aAir filters$xTesting.
=650  \7$aAir filters$xTesting.$2fast$0(OCoLC)fst00802369
=700  1\$aRobinson, Henry E.
=700  1\$aWatson, Thomas W.
=710  1\$aUnited States.$bNational Bureau of Standards.
=830  \0$aNBS report ;$v4110.
=856  4\$uhttps://dx.doi.org/10.6028/NBS.RPT.4110
=856  4\$zAddress at time of PURL creation$uhttps://www.govinfo.gov/content/pkg/GOVPUB-C13-675b7268cef834c5da702fab1b5c3a5d/pdf/GOVPUB-C13-675b7268cef834c5da702fab1b5c3a5d.pdf
=856  40$uhttps://purl.fdlp.gov/GPO/gpo98845
=049  \\$aGPOO
=922  \\$aBatch-processed
=922  \\$aNIST-1$b20180815

