=LDR  01688nam  2200409Ia 45e0
=001  001076952
=003  OCoLC
=005  20180711120939.0
=008  160829s1955\\\\mdu\\\\\ob\\\f000\0\eng\d
=024  8\$aGOVPUB-C13-a55cab8b1a35ca62c3b2373eddd33afa
=035  \\$a(OCoLC)957469970
=040  \\$aNBS$beng$erda$cNBS$dOCLCO$dOCLCF$dOCLCQ
=086  0\$aC 13.38:3901
=100  1\$aRobinson, Henry E.
=245  10$aThermal conductivities of three Inconel alloys at temperatures from 100 to 700 degrees C /$cHenry E. Robinson, Silas Katz.
=264  \1$aGaithersburg, MD :$bU.S. Dept. of Commerce, National Institute of Standards and Technology,$c1955.
=300  \\$a1 online resource.
=336  \\$atext$btxt$2rdacontent
=337  \\$acomputer$bc$2rdamedia
=338  \\$aonline resource$bcr$2rdacarrier
=490  1\$aNBS report ;$v3901
=500  \\$a1955.
=500  \\$aContributed record: Metadata reviewed, not verified. Some fields updated by batch processes.
=500  \\$aTitle from PDF title page.
=504  \\$aIncludes bibliographical references.
=650  \0$aAlloys$xThermal properties.
=650  \7$aAlloys$xThermal properties.$2fast$0(OCoLC)fst00805744
=700  1\$aKatz, Silas.
=700  1\$aRobinson, Henry E.
=710  1\$aUnited States.$bNational Bureau of Standards.
=830  \0$aNBS report ;$v3901.
=856  4\$uhttps://dx.doi.org/10.6028/NBS.RPT.3901
=856  4\$zAddress at time of PURL creation$uhttps://www.govinfo.gov/content/pkg/GOVPUB-C13-a55cab8b1a35ca62c3b2373eddd33afa/pdf/GOVPUB-C13-a55cab8b1a35ca62c3b2373eddd33afa.pdf
=856  40$uhttps://purl.fdlp.gov/GPO/gpo101458
=049  \\$aGPOO
=922  \\$aBatch-processed
=922  \\$aNIST-1$b20180815

