=LDR  01604nam  2200409Ia 45e0
=001  001076441
=003  OCoLC
=005  20180711120944.0
=008  160829s1955\\\\mdu\\\\\ob\\\f000\0\eng\d
=024  8\$aGOVPUB-C13-1ffb6592db1e72520110b01e853a023f
=035  \\$a(OCoLC)957470305
=040  \\$aNBS$beng$erda$cNBS$dOCLCO$dOCLCQ
=086  0\$aC 13.38:4120
=100  1\$aRyan, J. V.
=245  10$aFlame spread and vapor permeability properties of interior finishes /$cJ.V. Ryan, E.W. Bender, W.C. Cullen, D. Gross.
=264  \1$aGaithersburg, MD :$bU.S. Dept. of Commerce, National Institute of Standards and Technology,$c1955.
=300  \\$a1 online resource.
=336  \\$atext$btxt$2rdacontent
=337  \\$acomputer$bc$2rdamedia
=338  \\$aonline resource$bcr$2rdacarrier
=490  1\$aNBS report ;$v4120
=500  \\$a1955.
=500  \\$aContributed record: Metadata reviewed, not verified. Some fields updated by batch processes.
=500  \\$aTitle from PDF title page.
=504  \\$aIncludes bibliographical references.
=700  1\$aBender, E. W.
=700  1\$aCullen, W. C.
=700  1\$aGross, D.
=700  1\$aRyan, J. V.
=710  1\$aUnited States.$bNational Bureau of Standards.
=830  \0$aNBS report ;$v4120.
=856  4\$uhttps://dx.doi.org/10.6028/NBS.RPT.4120
=856  4\$zAddress at time of PURL creation$uhttps://www.govinfo.gov/content/pkg/GOVPUB-C13-1ffb6592db1e72520110b01e853a023f/pdf/GOVPUB-C13-1ffb6592db1e72520110b01e853a023f.pdf
=856  40$uhttps://purl.fdlp.gov/GPO/gpo95631
=049  \\$aGPOO
=922  \\$aBatch-processed
=922  \\$aNIST-1$b20180815

