=LDR  01660nam  2200409Ia 45e0
=001  001076455
=003  OCoLC
=005  20180711120944.0
=008  160829s1955\\\\mdu\\\\\ob\\\f000\0\eng\d
=024  8\$aGOVPUB-C13-222c6fbfb1335f73c59da9bc2805713a
=035  \\$a(OCoLC)957470294
=040  \\$aNBS$beng$erda$cNBS$dOCLCO$dOCLCQ$dOCLCF
=086  0\$aC 13.38:3984
=100  1\$aRyan, J. V.
=245  10$aReport of experiments to determine the fire resistances of two prefabricated wood walls /$cJ.V. Ryan.
=264  \1$aGaithersburg, MD :$bU.S. Dept. of Commerce, National Institute of Standards and Technology,$c1955.
=300  \\$a1 online resource.
=336  \\$atext$btxt$2rdacontent
=337  \\$acomputer$bc$2rdamedia
=338  \\$aonline resource$bcr$2rdacarrier
=490  1\$aNBS report ;$v3984
=500  \\$a1955.
=500  \\$aContributed record: Metadata reviewed, not verified. Some fields updated by batch processes.
=500  \\$aTitle from PDF title page.
=504  \\$aIncludes bibliographical references.
=650  \0$aFire resistant materials.
=650  \0$aWallboard$xFire testing.
=650  \7$aFire resistant materials.$2fast$0(OCoLC)fst00925519
=700  1\$aRyan, J. V.
=710  1\$aUnited States.$bNational Bureau of Standards.
=830  \0$aNBS report ;$v3984.
=856  4\$uhttps://dx.doi.org/10.6028/NBS.RPT.3984
=856  4\$zAddress at time of PURL creation$uhttps://www.govinfo.gov/content/pkg/GOVPUB-C13-222c6fbfb1335f73c59da9bc2805713a/pdf/GOVPUB-C13-222c6fbfb1335f73c59da9bc2805713a.pdf
=856  40$uhttps://purl.fdlp.gov/GPO/gpo95959
=049  \\$aGPOO
=922  \\$aBatch-processed
=922  \\$aNIST-1$b20180815

