=LDR  01875nam  2200421Ia 45e0
=001  001076498
=003  OCoLC
=005  20180711121003.0
=008  161006s1955\\\\mdu\\\\\ob\\\f000\0\eng\d
=024  8\$aGOVPUB-C13-2d4f914f3a510e66f4bcbd79010b5c81
=035  \\$a(OCoLC)959983013
=040  \\$aNBS$beng$erda$cNBS$dOCLCO$dOCLCF$dOCLCQ
=086  0\$aC 13.38:4295
=100  1\$aSchleter, John C.
=245  10$aSpectrophotometric and colorimetric analysis of seventeen glass filters duplicating the relocated and respaced union color scale for lubricating oil and petrolatum for ASTM Committee D-2 Research Division IX submitted by Hellige, Inc. /$cJohn C. Schleter.
=264  \1$aGaithersburg, MD :$bU.S. Dept. of Commerce, National Institute of Standards and Technology,$c1955.
=300  \\$a1 online resource.
=336  \\$atext$btxt$2rdacontent
=337  \\$acomputer$bc$2rdamedia
=338  \\$aonline resource$bcr$2rdacarrier
=490  1\$aNBS report ;$v4295
=500  \\$a1955.
=500  \\$aContributed record: Metadata reviewed, not verified. Some fields updated by batch processes.
=500  \\$aTitle from PDF title page.
=504  \\$aIncludes bibliographical references.
=650  \0$aColorimetric analysis.
=650  \0$aSpectrophotometry.
=650  \7$aColorimetric analysis.$2fast$0(OCoLC)fst00868730
=650  \7$aSpectrophotometry.$2fast$0(OCoLC)fst01129099
=700  1\$aSchleter, John C.
=710  1\$aUnited States.$bNational Bureau of Standards.
=830  \0$aNBS report ;$v4295.
=856  4\$uhttps://dx.doi.org/10.6028/NBS.RPT.4295
=856  4\$zAddress at time of PURL creation$uhttps://www.govinfo.gov/content/pkg/GOVPUB-C13-2d4f914f3a510e66f4bcbd79010b5c81/pdf/GOVPUB-C13-2d4f914f3a510e66f4bcbd79010b5c81.pdf
=856  40$uhttps://purl.fdlp.gov/GPO/gpo96224
=049  \\$aGPOO
=922  \\$aBatch-processed
=922  \\$aNIST-1$b20180815

