=LDR  01749nam  2200421Ia 45e0
=001  001077063
=003  OCoLC
=005  20180711120944.0
=008  160829s1955\\\\mdu\\\\\ob\\\f000\0\eng\d
=024  8\$aGOVPUB-C13-c23b17a172cae4191e1ce96cb61e042f
=035  \\$a(OCoLC)957470316
=040  \\$aNBS$beng$erda$cNBS$dOCLCO$dOCLCF$dOCLCQ
=086  0\$aC 13.38:4169
=100  1\$aSchriesheim, Alan.
=245  10$aExamination of the gaseous combustion products of several interior finishes /$cAlan Schriesheim.
=264  \1$aGaithersburg, MD :$bU.S. Dept. of Commerce, National Institute of Standards and Technology,$c1955.
=300  \\$a1 online resource.
=336  \\$atext$btxt$2rdacontent
=337  \\$acomputer$bc$2rdamedia
=338  \\$aonline resource$bcr$2rdacarrier
=490  1\$aNBS report ;$v4169
=500  \\$a1955.
=500  \\$aContributed record: Metadata reviewed, not verified. Some fields updated by batch processes.
=500  \\$aTitle from PDF title page.
=504  \\$aIncludes bibliographical references.
=650  \0$aCombustion gases$xTesting.
=650  \0$aCombustion gases$xToxicology.
=650  \7$aCombustion gases$xTesting.$2fast$0(OCoLC)fst00869065
=650  \7$aCombustion gases$xToxicology.$2fast$0(OCoLC)fst00869068
=700  1\$aSchriesheim, Alan.
=710  1\$aUnited States.$bNational Bureau of Standards.
=830  \0$aNBS report ;$v4169.
=856  4\$uhttps://dx.doi.org/10.6028/NBS.RPT.4169
=856  4\$zAddress at time of PURL creation$uhttps://www.govinfo.gov/content/pkg/GOVPUB-C13-c23b17a172cae4191e1ce96cb61e042f/pdf/GOVPUB-C13-c23b17a172cae4191e1ce96cb61e042f.pdf
=856  40$uhttps://purl.fdlp.gov/GPO/gpo102646
=049  \\$aGPOO
=922  \\$aBatch-processed
=922  \\$aNIST-1$b20180815

