=LDR  01655nam  2200421Ia 45e0
=001  001076941
=003  OCoLC
=005  20180711120941.0
=008  160829s1955\\\\mdu\\\\\ob\\\f000\0\eng\d
=024  8\$aGOVPUB-C13-a432ebfa1cdbb399b3b94fe5b2f3f670
=035  \\$a(OCoLC)957470145
=040  \\$aNBS$beng$erda$cNBS$dOCLCO$dOCLCQ$dOCLCF
=086  0\$aC 13.38:4286
=100  1\$aSkoda, L. F.
=245  10$aTests of precast continuous spliced girders /$cL.F. Skoda, J.O. Bryson.
=264  \1$aGaithersburg, MD :$bU.S. Dept. of Commerce, National Institute of Standards and Technology,$c1955.
=300  \\$a1 online resource.
=336  \\$atext$btxt$2rdacontent
=337  \\$acomputer$bc$2rdamedia
=338  \\$aonline resource$bcr$2rdacarrier
=490  1\$aNBS report ;$v4286
=500  \\$a1955.
=500  \\$aContributed record: Metadata reviewed, not verified. Some fields updated by batch processes.
=500  \\$aTitle from PDF title page.
=504  \\$aIncludes bibliographical references.
=650  \0$aGirders$xStrength of materials.
=650  \0$aGirders$xTesting.
=650  \7$aGirders$xTesting.$2fast$0(OCoLC)fst00942832
=700  1\$aBryson, James.
=700  1\$aSkoda, L. F.
=710  1\$aUnited States.$bNational Bureau of Standards.
=830  \0$aNBS report ;$v4286.
=856  4\$uhttps://dx.doi.org/10.6028/NBS.RPT.4286
=856  4\$zAddress at time of PURL creation$uhttps://www.govinfo.gov/content/pkg/GOVPUB-C13-a432ebfa1cdbb399b3b94fe5b2f3f670/pdf/GOVPUB-C13-a432ebfa1cdbb399b3b94fe5b2f3f670.pdf
=856  40$uhttps://purl.fdlp.gov/GPO/gpo101405
=049  \\$aGPOO
=922  \\$aBatch-processed
=922  \\$aNIST-1$b20180815

