=LDR  01849nam  2200457Ia 45e0
=001  001076346
=003  OCoLC
=005  20180711121004.0
=008  161006s1955\\\\mdu\\\\\ob\\\f000\0\eng\d
=024  8\$aGOVPUB-C13-04a8ce952a094919e3484979a74a598f
=035  \\$a(OCoLC)959983020
=040  \\$aNBS$beng$erda$cNBS$dOCLCO$dOCLCF$dOCLCQ
=086  0\$aC 13.38:4313
=100  1\$aSmith, Denton L.
=245  10$aAlloys of gallium with powdered metals as possible replacement for dental amalgam /$cDenton L. Smith, Harold J. Caul.
=264  \1$aGaithersburg, MD :$bU.S. Dept. of Commerce, National Institute of Standards and Technology,$c1955.
=300  \\$a1 online resource.
=336  \\$atext$btxt$2rdacontent
=337  \\$acomputer$bc$2rdamedia
=338  \\$aonline resource$bcr$2rdacarrier
=490  1\$aNBS report ;$v4313
=500  \\$a1955.
=500  \\$aContributed record: Metadata reviewed, not verified. Some fields updated by batch processes.
=500  \\$aTitle from PDF title page.
=504  \\$aIncludes bibliographical references.
=650  \0$aDental amalgams.
=650  \0$aFillings (Dentistry)
=650  \0$aGallium alloys.
=650  \7$aDental amalgams.$2fast$0(OCoLC)fst00890372
=650  \7$aFillings (Dentistry)$2fast$0(OCoLC)fst00924235
=650  \7$aGallium alloys.$2fast$0(OCoLC)fst00937272
=700  1\$aCaul, Harold J.
=700  1\$aSmith, Denton L.
=710  1\$aUnited States.$bNational Bureau of Standards.
=830  \0$aNBS report ;$v4313.
=856  4\$uhttps://dx.doi.org/10.6028/NBS.RPT.4313
=856  4\$zAddress at time of PURL creation$uhttps://www.govinfo.gov/content/pkg/GOVPUB-C13-04a8ce952a094919e3484979a74a598f/pdf/GOVPUB-C13-04a8ce952a094919e3484979a74a598f.pdf
=856  40$uhttps://purl.fdlp.gov/GPO/gpo94510
=049  \\$aGPOO
=922  \\$aBatch-processed
=922  \\$aNIST-1$b20180815

