=LDR  01611nam  2200409Ia 45e0
=001  001076395
=003  OCoLC
=005  20180711120944.0
=008  160829s1955\\\\mdu\\\\\ob\\\f000\0\eng\d
=024  8\$aGOVPUB-C13-14ee024173c9d34129cda2b541d39161
=035  \\$a(OCoLC)957470291
=040  \\$aNBS$beng$erda$cNBS$dOCLCO$dOCLCF$dOCLCQ
=086  0\$aC 13.38:3994
=100  1\$aSnoke, H. R.
=245  10$aRoof maintenance manual /$cH.R. Snoke, W.C. Cullen.
=264  \1$aGaithersburg, MD :$bU.S. Dept. of Commerce, National Institute of Standards and Technology,$c1955.
=300  \\$a1 online resource.
=336  \\$atext$btxt$2rdacontent
=337  \\$acomputer$bc$2rdamedia
=338  \\$aonline resource$bcr$2rdacarrier
=490  1\$aNBS report ;$v3994
=500  \\$a1955.
=500  \\$aContributed record: Metadata reviewed, not verified. Some fields updated by batch processes.
=500  \\$aTitle from PDF title page.
=504  \\$aIncludes bibliographical references.
=650  \0$aRoofs$xMaintenance and repair.
=650  \7$aRoofs$xMaintenance and repair.$2fast$0(OCoLC)fst01100328
=700  1\$aCullen, W. C.
=700  1\$aSnoke, H. R.
=710  1\$aUnited States.$bNational Bureau of Standards.
=830  \0$aNBS report ;$v3994.
=856  4\$uhttps://dx.doi.org/10.6028/NBS.RPT.3994
=856  4\$zAddress at time of PURL creation$uhttps://www.govinfo.gov/content/pkg/GOVPUB-C13-14ee024173c9d34129cda2b541d39161/pdf/GOVPUB-C13-14ee024173c9d34129cda2b541d39161.pdf
=856  40$uhttps://purl.fdlp.gov/GPO/gpo95160
=049  \\$aGPOO
=922  \\$aBatch-processed
=922  \\$aNIST-1$b20180815

