=LDR  01570nam  2200397Ia 45e0
=001  001076374
=003  OCoLC
=005  20180711120944.0
=008  160829s1955\\\\mdu\\\\\ob\\\f000\0\eng\d
=024  8\$aGOVPUB-C13-0d401f30ae4527a800732ec35dd6b056
=035  \\$a(OCoLC)957470300
=040  \\$aNBS$beng$erda$cNBS$dOCLCO$dOCLCQ
=086  0\$aC 13.38:4037
=100  1\$aSvendsen, Sven D.
=245  10$aShrinkage stresses in masonry walls :$bprogress report no. 2 /$cSven D. Svendsen, D. Watstein, S. Levy.
=264  \1$aGaithersburg, MD :$bU.S. Dept. of Commerce, National Institute of Standards and Technology,$c1955.
=300  \\$a1 online resource.
=336  \\$atext$btxt$2rdacontent
=337  \\$acomputer$bc$2rdamedia
=338  \\$aonline resource$bcr$2rdacarrier
=490  1\$aNBS report ;$v4037
=500  \\$a1955.
=500  \\$aContributed record: Metadata reviewed, not verified. Some fields updated by batch processes.
=500  \\$aTitle from PDF title page.
=504  \\$aIncludes bibliographical references.
=700  1\$aLevy, S.
=700  1\$aSvendsen, Sven D.
=700  1\$aWatstein, D.
=710  1\$aUnited States.$bNational Bureau of Standards.
=830  \0$aNBS report ;$v4037.
=856  4\$uhttps://dx.doi.org/10.6028/NBS.RPT.4037
=856  4\$zAddress at time of PURL creation$uhttps://www.govinfo.gov/content/pkg/GOVPUB-C13-0d401f30ae4527a800732ec35dd6b056/pdf/GOVPUB-C13-0d401f30ae4527a800732ec35dd6b056.pdf
=856  40$uhttps://purl.fdlp.gov/GPO/gpo94820
=049  \\$aGPOO
=922  \\$aBatch-processed
=922  \\$aNIST-1$b20180815

