=LDR  01589nam  2200397Ia 45e0
=001  001076531
=003  OCoLC
=005  20180711121003.0
=008  161006s1955\\\\mdu\\\\\ob\\\f000\0\eng\d
=024  8\$aGOVPUB-C13-345c46d3da84ae6ad8c7266bb96bbee3
=035  \\$a(OCoLC)959982969
=040  \\$aNBS$beng$erda$cNBS$dOCLCO$dOCLCF$dOCLCQ
=086  0\$aC 13.38:3484
=100  1\$aTeele, Ray P.
=245  10$aReport on the luminous flux of four lamps for the National Physical Laboratory /$cRay P. Teele.
=264  \1$aGaithersburg, MD :$bU.S. Dept. of Commerce, National Institute of Standards and Technology,$c1955.
=300  \\$a1 online resource.
=336  \\$atext$btxt$2rdacontent
=337  \\$acomputer$bc$2rdamedia
=338  \\$aonline resource$bcr$2rdacarrier
=490  1\$aNBS report ;$v3484
=500  \\$a1955.
=500  \\$aContributed record: Metadata reviewed, not verified. Some fields updated by batch processes.
=500  \\$aTitle from PDF title page.
=504  \\$aIncludes bibliographical references.
=650  \0$aPhotometry.
=650  \7$aPhotometry.$2fast$0(OCoLC)fst01062043
=700  1\$aTeele, Ray P.
=710  1\$aUnited States.$bNational Bureau of Standards.
=830  \0$aNBS report ;$v3484.
=856  4\$uhttps://dx.doi.org/10.6028/NBS.RPT.3484
=856  4\$zAddress at time of PURL creation$uhttps://www.govinfo.gov/content/pkg/GOVPUB-C13-345c46d3da84ae6ad8c7266bb96bbee3/pdf/GOVPUB-C13-345c46d3da84ae6ad8c7266bb96bbee3.pdf
=856  40$uhttps://purl.fdlp.gov/GPO/gpo96580
=049  \\$aGPOO
=922  \\$aBatch-processed
=922  \\$aNIST-1$b20180815

