=LDR  01811nam  2200433Ia 45e0
=001  001077078
=003  OCoLC
=005  20180711121003.0
=008  161006s1955\\\\mdu\\\\\ob\\\f000\0\eng\d
=024  8\$aGOVPUB-C13-c571ad79bc1879fb35a5ad9d6d45331f
=035  \\$a(OCoLC)959983015
=040  \\$aNBS$beng$erda$cNBS$dOCLCO$dOCLCF$dOCLCQ
=086  0\$aC 13.38:4341
=100  1\$aTeele, Ray P.
=245  10$aReport on the luminous intensity of 8 lamps and the luminous flux of 8 lamps for intercomparisons to be carried out at Bureau International des Poids et Measures /$cRay P. Teele, Velma I. Burns.
=264  \1$aGaithersburg, MD :$bU.S. Dept. of Commerce, National Institute of Standards and Technology,$c1955.
=300  \\$a1 online resource.
=336  \\$atext$btxt$2rdacontent
=337  \\$acomputer$bc$2rdamedia
=338  \\$aonline resource$bcr$2rdacarrier
=490  1\$aNBS report ;$v4341
=500  \\$a1955.
=500  \\$aContributed record: Metadata reviewed, not verified. Some fields updated by batch processes.
=500  \\$aTitle from PDF title page.
=504  \\$aIncludes bibliographical references.
=650  \0$aElectric lamps.
=650  \0$aPhotometry.
=650  \7$aElectric lamps.$2fast$0(OCoLC)fst00905037
=650  \7$aPhotometry.$2fast$0(OCoLC)fst01062043
=700  1\$aBurns, Velma I.
=700  1\$aTeele, Ray P.
=710  1\$aUnited States.$bNational Bureau of Standards.
=830  \0$aNBS report ;$v4341.
=856  4\$uhttps://dx.doi.org/10.6028/NBS.RPT.4341
=856  4\$zAddress at time of PURL creation$uhttps://www.govinfo.gov/content/pkg/GOVPUB-C13-c571ad79bc1879fb35a5ad9d6d45331f/pdf/GOVPUB-C13-c571ad79bc1879fb35a5ad9d6d45331f.pdf
=856  40$uhttps://purl.fdlp.gov/GPO/gpo102776
=049  \\$aGPOO
=922  \\$aBatch-processed
=922  \\$aNIST-1$b20180815

