=LDR  01590nam  2200373Ia 45e0
=001  001076387
=003  OCoLC
=005  20180711120936.0
=008  161006s1955\\\\mdu\\\\\ob\\\f000\0\eng\d
=024  8\$aGOVPUB-C13-11a70bdce32ea205577c2ecab5be35bc
=035  \\$a(OCoLC)959983029
=040  \\$aNBS$beng$erda$cNBS$dOCLCO$dOCLCQ
=086  0\$aC 13.38:4414
=110  1\$aUnited States.$bNational Bureau of Standards.
=245  10$aProjects and publications of the Applied Mathematics Division :$ba quarterly report July through September 1955 /$cNational Bureau of Standards.
=264  \1$aGaithersburg, MD :$bU.S. Dept. of Commerce, National Institute of Standards and Technology,$c1955.
=300  \\$a1 online resource.
=336  \\$atext$btxt$2rdacontent
=337  \\$acomputer$bc$2rdamedia
=338  \\$aonline resource$bcr$2rdacarrier
=490  1\$aNBS report ;$v4414
=500  \\$a1955.
=500  \\$aContributed record: Metadata reviewed, not verified. Some fields updated by batch processes.
=500  \\$aTitle from PDF title page.
=504  \\$aIncludes bibliographical references.
=650  \0$aMathematics$xResearch.
=710  1\$aUnited States.$bNational Bureau of Standards.
=830  \0$aNBS report ;$v4414.
=856  4\$uhttps://dx.doi.org/10.6028/NBS.RPT.4414
=856  4\$zAddress at time of PURL creation$uhttps://www.govinfo.gov/content/pkg/GOVPUB-C13-11a70bdce32ea205577c2ecab5be35bc/pdf/GOVPUB-C13-11a70bdce32ea205577c2ecab5be35bc.pdf
=856  40$uhttps://purl.fdlp.gov/GPO/gpo94993
=049  \\$aGPOO
=922  \\$aBatch-processed
=922  \\$aNIST-1$b20180815

