=LDR  01683nam  2200385Ia 45e0
=001  001076453
=003  OCoLC
=005  20180711121004.0
=008  161006s1955\\\\mdu\\\\\ob\\\f000\0\eng\d
=024  8\$aGOVPUB-C13-21ea7af83707568c84ad287f8421ca5b
=035  \\$a(OCoLC)959983031
=040  \\$aNBS$beng$erda$cNBS$dOCLCO$dOCLCF$dOCLCQ
=086  0\$aC 13.38:4436
=110  1\$aUnited States.$bNational Bureau of Standards.
=245  10$aSensitivity and current leakage of twenty-one cold cathode electron tubes, type WL-759 and thirty-one photoelectric tubes, type WL-919 /$cNational Bureau of Standards.
=264  \1$aGaithersburg, MD :$bU.S. Dept. of Commerce, National Institute of Standards and Technology,$c1955.
=300  \\$a1 online resource.
=336  \\$atext$btxt$2rdacontent
=337  \\$acomputer$bc$2rdamedia
=338  \\$aonline resource$bcr$2rdacarrier
=490  1\$aNBS report ;$v4436
=500  \\$a1955.
=500  \\$aContributed record: Metadata reviewed, not verified. Some fields updated by batch processes.
=500  \\$aTitle from PDF title page.
=504  \\$aIncludes bibliographical references.
=650  \0$aAir filters$xTesting.
=650  \7$aAir filters$xTesting.$2fast$0(OCoLC)fst00802369
=710  1\$aUnited States.$bNational Bureau of Standards.
=830  \0$aNBS report ;$v4436.
=856  4\$uhttps://dx.doi.org/10.6028/NBS.RPT.4436
=856  4\$zAddress at time of PURL creation$uhttps://www.govinfo.gov/content/pkg/GOVPUB-C13-21ea7af83707568c84ad287f8421ca5b/pdf/GOVPUB-C13-21ea7af83707568c84ad287f8421ca5b.pdf
=856  40$uhttps://purl.fdlp.gov/GPO/gpo95803
=049  \\$aGPOO
=922  \\$aBatch-processed
=922  \\$aNIST-1$b20180815

