=LDR  01535nam  2200361Ia 45e0
=001  001076967
=003  OCoLC
=005  20180711120944.0
=008  160829s1955\\\\mdu\\\\\ob\\\f000\0\eng\d
=024  8\$aGOVPUB-C13-aadf361a64c2781148fb46c1d3db18fd
=035  \\$a(OCoLC)957470315
=040  \\$aNBS$beng$erda$cNBS$dOCLCO$dOCLCQ
=086  0\$aC 13.38:4164
=110  1\$aUnited States.$bNational Bureau of Standards.
=245  10$aProjects related to building research at the National Bureau of Standards for fiscal year 1955 /$cNational Bureau of Standards.
=264  \1$aGaithersburg, MD :$bU.S. Dept. of Commerce, National Institute of Standards and Technology,$c1955.
=300  \\$a1 online resource.
=336  \\$atext$btxt$2rdacontent
=337  \\$acomputer$bc$2rdamedia
=338  \\$aonline resource$bcr$2rdacarrier
=490  1\$aNBS report ;$v4164
=500  \\$a1955.
=500  \\$aContributed record: Metadata reviewed, not verified. Some fields updated by batch processes.
=500  \\$aTitle from PDF title page.
=504  \\$aIncludes bibliographical references.
=710  1\$aUnited States.$bNational Bureau of Standards.
=830  \0$aNBS report ;$v4164.
=856  4\$uhttps://dx.doi.org/10.6028/NBS.RPT.4164
=856  4\$zAddress at time of PURL creation$uhttps://www.govinfo.gov/content/pkg/GOVPUB-C13-aadf361a64c2781148fb46c1d3db18fd/pdf/GOVPUB-C13-aadf361a64c2781148fb46c1d3db18fd.pdf
=856  40$uhttps://purl.fdlp.gov/GPO/gpo101675
=049  \\$aGPOO
=922  \\$aBatch-processed
=922  \\$aNIST-1$b20180815

