=LDR  01627nam  2200397Ia 45e0
=001  001077233
=003  OCoLC
=005  20180711121003.0
=008  161006s1955\\\\mdu\\\\\ob\\\f000\0\eng\d
=024  8\$aGOVPUB-C13-e9de1fb89ec743c9d6cab1e6f64c254b
=035  \\$a(OCoLC)959983016
=040  \\$aNBS$beng$erda$cNBS$dOCLCO$dOCLCQ$dOCLCF
=086  0\$aC 13.38:4343
=110  1\$aUnited States.$bNational Bureau of Standards.
=245  10$aPhotometric tests of 21 colored retroreflective samples /$cNational Bureau of Standards.
=264  \1$aGaithersburg, MD :$bU.S. Dept. of Commerce, National Institute of Standards and Technology,$c1955.
=300  \\$a1 online resource.
=336  \\$atext$btxt$2rdacontent
=337  \\$acomputer$bc$2rdamedia
=338  \\$aonline resource$bcr$2rdacarrier
=490  1\$aNBS report ;$v4343
=500  \\$a1955.
=500  \\$aContributed record: Metadata reviewed, not verified. Some fields updated by batch processes.
=500  \\$aTitle from PDF title page.
=504  \\$aIncludes bibliographical references.
=650  \0$aPhotometry.
=650  \0$aRetroreflectors$xTesting.
=650  \7$aPhotometry.$2fast$0(OCoLC)fst01062043
=710  1\$aUnited States.$bNational Bureau of Standards.
=830  \0$aNBS report ;$v4343.
=856  4\$uhttps://dx.doi.org/10.6028/NBS.RPT.4343
=856  4\$zAddress at time of PURL creation$uhttps://www.govinfo.gov/content/pkg/GOVPUB-C13-e9de1fb89ec743c9d6cab1e6f64c254b/pdf/GOVPUB-C13-e9de1fb89ec743c9d6cab1e6f64c254b.pdf
=856  40$uhttps://purl.fdlp.gov/GPO/gpo104534
=049  \\$aGPOO
=922  \\$aBatch-processed
=922  \\$aNIST-1$b20180815

