=LDR  01563nam  2200385Ia 45e0
=001  001076982
=003  OCoLC
=005  20180711121004.0
=008  161006s1955\\\\mdu\\\\\ob\\\f000\0\eng\d
=024  8\$aGOVPUB-C13-af4c740840698e5ca4d59e84cd067200
=035  \\$a(OCoLC)959983033
=040  \\$aNBS$beng$erda$cNBS$dOCLCO$dOCLCQ
=086  0\$aC 13.38:4441
=100  1\$aVaughan, Robert T.
=245  10$aPerformance characteristics of three Washington State College neon obstruction lights /$cRobert T. Vaughan.
=264  \1$aGaithersburg, MD :$bU.S. Dept. of Commerce, National Institute of Standards and Technology,$c1955.
=300  \\$a1 online resource.
=336  \\$atext$btxt$2rdacontent
=337  \\$acomputer$bc$2rdamedia
=338  \\$aonline resource$bcr$2rdacarrier
=490  1\$aNBS report ;$v4441
=500  \\$a1955.
=500  \\$aContributed record: Metadata reviewed, not verified. Some fields updated by batch processes.
=500  \\$aTitle from PDF title page.
=504  \\$aIncludes bibliographical references.
=650  \0$aNeon lighting$xTesting.
=700  1\$aVaughan, Robert T.
=710  1\$aUnited States.$bNational Bureau of Standards.
=830  \0$aNBS report ;$v4441.
=856  4\$uhttps://dx.doi.org/10.6028/NBS.RPT.4441
=856  4\$zAddress at time of PURL creation$uhttps://www.govinfo.gov/content/pkg/GOVPUB-C13-af4c740840698e5ca4d59e84cd067200/pdf/GOVPUB-C13-af4c740840698e5ca4d59e84cd067200.pdf
=856  40$uhttps://purl.fdlp.gov/GPO/gpo101853
=049  \\$aGPOO
=922  \\$aBatch-processed
=922  \\$aNIST-1$b20180815

