=LDR  01733nam  2200421Ia 45e0
=001  001076716
=003  OCoLC
=005  20180711120945.0
=008  160829s1956\\\\mdu\\\\\ob\\\f000\0\eng\d
=024  8\$aGOVPUB-C13-61eb2d53a0e135ed57933c5b45f35ac9
=035  \\$a(OCoLC)957470347
=040  \\$aNBS$beng$erda$cNBS$dOCLCO$dOCLCQ$dOCLCF
=086  0\$aC 13.38:4472
=100  1\$aAchenbach, Paul R.
=245  10$aWater vapor transmission through joints and breaker strips of insulated panels for refrigerated warehouse, panel no. 1 /$cPaul R. Achenbach, O.N. McDorman.
=264  \1$aGaithersburg, MD :$bU.S. Dept. of Commerce, National Institute of Standards and Technology,$c1956.
=300  \\$a1 online resource.
=336  \\$atext$btxt$2rdacontent
=337  \\$acomputer$bc$2rdamedia
=338  \\$aonline resource$bcr$2rdacarrier
=490  1\$aNBS report ;$v4472
=500  \\$a1956.
=500  \\$aContributed record: Metadata reviewed, not verified. Some fields updated by batch processes.
=500  \\$aTitle from PDF title page.
=504  \\$aIncludes bibliographical references.
=650  \0$aGaskets.
=650  \0$aWater vapor transport$xTesting.
=650  \7$aGaskets.$2fast$0(OCoLC)fst00938699
=700  1\$aAchenbach, Paul R.
=700  1\$aMcDorman, O. N.
=710  1\$aUnited States.$bNational Bureau of Standards.
=830  \0$aNBS report ;$v4472.
=856  4\$uhttps://dx.doi.org/10.6028/NBS.RPT.4472
=856  4\$zAddress at time of PURL creation$uhttps://www.govinfo.gov/content/pkg/GOVPUB-C13-61eb2d53a0e135ed57933c5b45f35ac9/pdf/GOVPUB-C13-61eb2d53a0e135ed57933c5b45f35ac9.pdf
=856  40$uhttps://purl.fdlp.gov/GPO/gpo98643
=049  \\$aGPOO
=922  \\$aBatch-processed
=922  \\$aNIST-1$b20180815

