=LDR  01750nam  2200421Ia 45e0
=001  001077135
=003  OCoLC
=005  20180711121004.0
=008  161006s1956\\\\mdu\\\\\ob\\\f000\0\eng\d
=024  8\$aGOVPUB-C13-d2949ef38220d921ba9a67149a5f2fe4
=035  \\$a(OCoLC)959983035
=040  \\$aNBS$beng$erda$cNBS$dOCLCO$dOCLCF$dOCLCQ
=086  0\$aC 13.38:4456
=100  1\$aBreckenridge, F. C.
=245  10$aComparative table chromaticity requirements of U.S. and international specifications and standards for aviation signal light colors /$cF.C. Breckenridge.
=264  \1$aGaithersburg, MD :$bU.S. Dept. of Commerce, National Institute of Standards and Technology,$c1956.
=300  \\$a1 online resource.
=336  \\$atext$btxt$2rdacontent
=337  \\$acomputer$bc$2rdamedia
=338  \\$aonline resource$bcr$2rdacarrier
=490  1\$aNBS report ;$v4456
=500  \\$a1956.
=500  \\$aContributed record: Metadata reviewed, not verified. Some fields updated by batch processes.
=500  \\$aTitle from PDF title page.
=504  \\$aIncludes bibliographical references.
=650  \0$aAeronautics.
=650  \0$aSignal lights.
=650  \7$aAeronautics.$2fast$0(OCoLC)fst00798293
=650  \7$aSignal lights.$2fast$0(OCoLC)fst01118278
=700  1\$aBreckenridge, F. C.
=710  1\$aUnited States.$bNational Bureau of Standards.
=830  \0$aNBS report ;$v4456.
=856  4\$uhttps://dx.doi.org/10.6028/NBS.RPT.4456
=856  4\$zAddress at time of PURL creation$uhttps://www.govinfo.gov/content/pkg/GOVPUB-C13-d2949ef38220d921ba9a67149a5f2fe4/pdf/GOVPUB-C13-d2949ef38220d921ba9a67149a5f2fe4.pdf
=856  40$uhttps://purl.fdlp.gov/GPO/gpo103302
=049  \\$aGPOO
=922  \\$aBatch-processed
=922  \\$aNIST-1$b20180815

