=LDR  01618nam  2200397Ia 45e0
=001  001077240
=003  OCoLC
=005  20180711121004.0
=008  161006s1956\\\\mdu\\\\\ob\\\f000\0\eng\d
=024  8\$aGOVPUB-C13-ec3464b9bc0522fc10db6babbff27b84
=035  \\$a(OCoLC)959983037
=040  \\$aNBS$beng$erda$cNBS$dOCLCO$dOCLCQ
=086  0\$aC 13.38:4473
=100  1\$aBreckenridge, F. C.
=245  10$aSupplementary report on resistances of connectors used in cable splices of NBS report 4369 /$cF.C. Breckenridge, R.W. Crouch, R.T. Vaughan.
=264  \1$aGaithersburg, MD :$bU.S. Dept. of Commerce, National Institute of Standards and Technology,$c1956.
=300  \\$a1 online resource.
=336  \\$atext$btxt$2rdacontent
=337  \\$acomputer$bc$2rdamedia
=338  \\$aonline resource$bcr$2rdacarrier
=490  1\$aNBS report ;$v4473
=500  \\$a1956.
=500  \\$aContributed record: Metadata reviewed, not verified. Some fields updated by batch processes.
=500  \\$aTitle from PDF title page.
=504  \\$aIncludes bibliographical references.
=700  1\$aBreckenridge, F. C.
=700  1\$aCrouch, R. W.
=700  1\$aVaughan, R. T.
=710  1\$aUnited States.$bNational Bureau of Standards.
=830  \0$aNBS report ;$v4473.
=856  4\$uhttps://dx.doi.org/10.6028/NBS.RPT.4473
=856  4\$zAddress at time of PURL creation$uhttps://www.govinfo.gov/content/pkg/GOVPUB-C13-ec3464b9bc0522fc10db6babbff27b84/pdf/GOVPUB-C13-ec3464b9bc0522fc10db6babbff27b84.pdf
=856  40$uhttps://purl.fdlp.gov/GPO/gpo104636
=049  \\$aGPOO
=922  \\$aBatch-processed
=922  \\$aNIST-1$b20180815

