=LDR  01550nam  2200397Ia 45e0
=001  001076644
=003  OCoLC
=005  20180711120934.0
=008  160829s1956\\\\mdu\\\\\ob\\\f000\0\eng\d
=024  8\$aGOVPUB-C13-4e8e0aaa187bb6141a83f4a7be70ed93
=035  \\$a(OCoLC)957470408
=040  \\$aNBS$beng$erda$cNBS$dOCLCO$dOCLCQ
=086  0\$aC 13.38:4839
=100  1\$aBryson, James.
=245  10$aTests of "Precision Building System" masonry /$cJ.O. Bryson, L.F. Skoda, D. Watstein.
=264  \1$aGaithersburg, MD :$bU.S. Dept. of Commerce, National Institute of Standards and Technology,$c1956.
=300  \\$a1 online resource.
=336  \\$atext$btxt$2rdacontent
=337  \\$acomputer$bc$2rdamedia
=338  \\$aonline resource$bcr$2rdacarrier
=490  1\$aNBS report ;$v4839
=500  \\$a1956.
=500  \\$aContributed record: Metadata reviewed, not verified. Some fields updated by batch processes.
=500  \\$aTitle from PDF title page.
=504  \\$aIncludes bibliographical references.
=700  1\$aBryson, James.
=700  1\$aSkoda, L. F.
=700  1\$aWatstein, D.
=710  1\$aUnited States.$bNational Bureau of Standards.
=830  \0$aNBS report ;$v4839.
=856  4\$uhttps://dx.doi.org/10.6028/NBS.RPT.4839
=856  4\$zAddress at time of PURL creation$uhttps://www.govinfo.gov/content/pkg/GOVPUB-C13-4e8e0aaa187bb6141a83f4a7be70ed93/pdf/GOVPUB-C13-4e8e0aaa187bb6141a83f4a7be70ed93.pdf
=856  40$uhttps://purl.fdlp.gov/GPO/gpo97754
=049  \\$aGPOO
=922  \\$aBatch-processed
=922  \\$aNIST-1$b20180815

