=LDR  01573nam  2200397Ia 45e0
=001  001076476
=003  OCoLC
=005  20180711120934.0
=008  160829s1956\\\\mdu\\\\\ob\\\f000\0\eng\d
=024  8\$aGOVPUB-C13-27c2090c1981e3afab991dfc46e3d172
=035  \\$a(OCoLC)957470507
=040  \\$aNBS$beng$erda$cNBS$dOCLCO$dOCLCQ
=086  0\$aC 13.38:4951
=100  1\$aChi, M.
=245  10$aTests of prestressed cellular slabs (Slabs Nos. 5, 7, 8, and 9) /$cM. Chi, A.F. Kirstein.
=264  \1$aGaithersburg, MD :$bU.S. Dept. of Commerce, National Institute of Standards and Technology,$c1956.
=300  \\$a1 online resource.
=336  \\$atext$btxt$2rdacontent
=337  \\$acomputer$bc$2rdamedia
=338  \\$aonline resource$bcr$2rdacarrier
=490  1\$aNBS report ;$v4951
=500  \\$a1956.
=500  \\$aContributed record: Metadata reviewed, not verified. Some fields updated by batch processes.
=500  \\$aTitle from PDF title page.
=504  \\$aIncludes bibliographical references.
=650  \0$aLightweight concrete$xCompression testing.
=700  1\$aChi, M.
=700  1\$aKirstein, A. F.
=710  1\$aUnited States.$bNational Bureau of Standards.
=830  \0$aNBS report ;$v4951.
=856  4\$uhttps://dx.doi.org/10.6028/NBS.RPT.4951
=856  4\$zAddress at time of PURL creation$uhttps://www.govinfo.gov/content/pkg/GOVPUB-C13-27c2090c1981e3afab991dfc46e3d172/pdf/GOVPUB-C13-27c2090c1981e3afab991dfc46e3d172.pdf
=856  40$uhttps://purl.fdlp.gov/GPO/gpo95970
=049  \\$aGPOO
=922  \\$aBatch-processed
=922  \\$aNIST-1$b20180815

