=LDR  01694nam  2200409Ia 45e0
=001  001076682
=003  OCoLC
=005  20180711120940.0
=008  160829s1956\\\\mdu\\\\\ob\\\f000\0\eng\d
=024  8\$aGOVPUB-C13-57fdb256e2db6bc73389d4a184983345
=035  \\$a(OCoLC)957470075
=040  \\$aNBS$beng$erda$cNBS$dOCLCO$dOCLCQ
=086  0\$aC 13.38:4545
=100  1\$aDill, R. S.
=245  10$aEngineering manual for protective construction Part V heating and air conditioning of underground installations /$cR.S. Dill, B.A. Peavy.
=264  \1$aGaithersburg, MD :$bU.S. Dept. of Commerce, National Institute of Standards and Technology,$c1956.
=300  \\$a1 online resource.
=336  \\$atext$btxt$2rdacontent
=337  \\$acomputer$bc$2rdamedia
=338  \\$aonline resource$bcr$2rdacarrier
=490  1\$aNBS report ;$v4545
=500  \\$a1956.
=500  \\$aContributed record: Metadata reviewed, not verified. Some fields updated by batch processes.
=500  \\$aTitle from PDF title page.
=504  \\$aIncludes bibliographical references.
=650  \0$aUnderground construction$xAir conditioning.
=650  \0$aUnderground construction$xHeating and ventilation.
=700  1\$aDill, R. S.
=700  1\$aPeavy, B. A.
=710  1\$aUnited States.$bNational Bureau of Standards.
=830  \0$aNBS report ;$v4545.
=856  4\$uhttps://dx.doi.org/10.6028/NBS.RPT.4545
=856  4\$zAddress at time of PURL creation$uhttps://www.govinfo.gov/content/pkg/GOVPUB-C13-57fdb256e2db6bc73389d4a184983345/pdf/GOVPUB-C13-57fdb256e2db6bc73389d4a184983345.pdf
=856  40$uhttps://purl.fdlp.gov/GPO/gpo98107
=049  \\$aGPOO
=922  \\$aBatch-processed
=922  \\$aNIST-1$b20180815

