=LDR  01601nam  2200397Ia 45e0
=001  001076975
=003  OCoLC
=005  20180711120945.0
=008  160829s1956\\\\mdu\\\\\ob\\\f000\0\eng\d
=024  8\$aGOVPUB-C13-acec7037d119f784250ab196c0b53bfe
=035  \\$a(OCoLC)957470366
=040  \\$aNBS$beng$erda$cNBS$dOCLCO$dOCLCQ
=086  0\$aC 13.38:4697
=100  1\$aDill, R. S.
=245  10$aExperimental radiant heating and cooling system ; Reflection Point, Cincinnati, Ohio /$cR.S. Dill, Paul R. Achenbach, O.N. McDorman.
=264  \1$aGaithersburg, MD :$bU.S. Dept. of Commerce, National Institute of Standards and Technology,$c1956.
=300  \\$a1 online resource.
=336  \\$atext$btxt$2rdacontent
=337  \\$acomputer$bc$2rdamedia
=338  \\$aonline resource$bcr$2rdacarrier
=490  1\$aNBS report ;$v4697
=500  \\$a1956.
=500  \\$aContributed record: Metadata reviewed, not verified. Some fields updated by batch processes.
=500  \\$aTitle from PDF title page.
=504  \\$aIncludes bibliographical references.
=700  1\$aAchenbach, Paul R.
=700  1\$aDill, R. S.
=700  1\$aMcDorman, O. N.
=710  1\$aUnited States.$bNational Bureau of Standards.
=830  \0$aNBS report ;$v4697.
=856  4\$uhttps://dx.doi.org/10.6028/NBS.RPT.4697
=856  4\$zAddress at time of PURL creation$uhttps://www.govinfo.gov/content/pkg/GOVPUB-C13-acec7037d119f784250ab196c0b53bfe/pdf/GOVPUB-C13-acec7037d119f784250ab196c0b53bfe.pdf
=856  40$uhttps://purl.fdlp.gov/GPO/gpo101755
=049  \\$aGPOO
=922  \\$aBatch-processed
=922  \\$aNIST-1$b20180815

