=LDR  01582nam  2200397Ia 45e0
=001  001076565
=003  OCoLC
=005  20180711121004.0
=008  161006s1956\\\\mdu\\\\\ob\\\f000\0\eng\d
=024  8\$aGOVPUB-C13-3bfaaabce34ce45eb841c568ca6077d2
=035  \\$a(OCoLC)959983058
=040  \\$aNBS$beng$erda$cNBS$dOCLCO$dOCLCQ
=086  0\$aC 13.38:4741
=100  1\$aDouglas, C. A.
=245  10$aDevelopment of optimum runway lights for jet aircraft :$binterim report no. 1 /$cC.A. Douglas, I. Nimeroff, A.N. Hill.
=264  \1$aGaithersburg, MD :$bU.S. Dept. of Commerce, National Institute of Standards and Technology,$c1956.
=300  \\$a1 online resource.
=336  \\$atext$btxt$2rdacontent
=337  \\$acomputer$bc$2rdamedia
=338  \\$aonline resource$bcr$2rdacarrier
=490  1\$aNBS report ;$v4741
=500  \\$a1956.
=500  \\$aContributed record: Metadata reviewed, not verified. Some fields updated by batch processes.
=500  \\$aTitle from PDF title page.
=504  \\$aIncludes bibliographical references.
=700  1\$aDouglas, C. A.
=700  1\$aHill, A. N.
=700  1\$aNimeroff, I.
=710  1\$aUnited States.$bNational Bureau of Standards.
=830  \0$aNBS report ;$v4741.
=856  4\$uhttps://dx.doi.org/10.6028/NBS.RPT.4741
=856  4\$zAddress at time of PURL creation$uhttps://www.govinfo.gov/content/pkg/GOVPUB-C13-3bfaaabce34ce45eb841c568ca6077d2/pdf/GOVPUB-C13-3bfaaabce34ce45eb841c568ca6077d2.pdf
=856  40$uhttps://purl.fdlp.gov/GPO/gpo96957
=049  \\$aGPOO
=922  \\$aBatch-processed
=922  \\$aNIST-1$b20180815

