=LDR  01612nam  2200409Ia 45e0
=001  001076808
=003  OCoLC
=005  20180711121004.0
=008  161006s1956\\\\mdu\\\\\ob\\\f000\0\eng\d
=024  8\$aGOVPUB-C13-79d852378a46b2677e76a9a0ccdcfdfe
=035  \\$a(OCoLC)959983047
=040  \\$aNBS$beng$erda$cNBS$dOCLCO$dOCLCQ$dOCLCF
=086  0\$aC 13.38:4554
=100  1\$aDouglas, C. A.
=245  10$aComputation of the effective intensity of flashing lights /$cC.A. Douglas.
=264  \1$aGaithersburg, MD :$bU.S. Dept. of Commerce, National Institute of Standards and Technology,$c1956.
=300  \\$a1 online resource.
=336  \\$atext$btxt$2rdacontent
=337  \\$acomputer$bc$2rdamedia
=338  \\$aonline resource$bcr$2rdacarrier
=490  1\$aNBS report ;$v4554
=500  \\$a1956.
=500  \\$aContributed record: Metadata reviewed, not verified. Some fields updated by batch processes.
=500  \\$aTitle from PDF title page.
=504  \\$aIncludes bibliographical references.
=650  \0$aAeronautics.
=650  \0$aSignal lights$xTesting.
=650  \7$aAeronautics.$2fast$0(OCoLC)fst00798293
=700  1\$aDouglas, C. A.
=710  1\$aUnited States.$bNational Bureau of Standards.
=830  \0$aNBS report ;$v4554.
=856  4\$uhttps://dx.doi.org/10.6028/NBS.RPT.4554
=856  4\$zAddress at time of PURL creation$uhttps://www.govinfo.gov/content/pkg/GOVPUB-C13-79d852378a46b2677e76a9a0ccdcfdfe/pdf/GOVPUB-C13-79d852378a46b2677e76a9a0ccdcfdfe.pdf
=856  40$uhttps://purl.fdlp.gov/GPO/gpo99588
=049  \\$aGPOO
=922  \\$aBatch-processed
=922  \\$aNIST-1$b20180815

