=LDR  01622nam  2200397Ia 45e0
=001  001076416
=003  OCoLC
=005  20180711120945.0
=008  160829s1956\\\\mdu\\\\\ob\\\f000\0\eng\d
=024  8\$aGOVPUB-C13-1979d4e18c79429318a54a85d5a9f87e
=035  \\$a(OCoLC)957470368
=040  \\$aNBS$beng$erda$cNBS$dOCLCO$dOCLCQ
=086  0\$aC 13.38:4731
=100  1\$aGreenfeld, Sidney H.
=245  10$aSummary report of investigation of ignition of lubricants and hydraulic fluids by shock waves /$cSidney H. Greenfeld.
=264  \1$aGaithersburg, MD :$bU.S. Dept. of Commerce, National Institute of Standards and Technology,$c1956.
=300  \\$a1 online resource.
=336  \\$atext$btxt$2rdacontent
=337  \\$acomputer$bc$2rdamedia
=338  \\$aonline resource$bcr$2rdacarrier
=490  1\$aNBS report ;$v4731
=500  \\$a1956.
=500  \\$aContributed record: Metadata reviewed, not verified. Some fields updated by batch processes.
=500  \\$aTitle from PDF title page.
=504  \\$aIncludes bibliographical references.
=650  \0$aAsphalt$xDeterioration.
=650  \0$aHydraulic fluids$xCombustion.
=700  1\$aGreenfeld, Sidney H.
=710  1\$aUnited States.$bNational Bureau of Standards.
=830  \0$aNBS report ;$v4731.
=856  4\$uhttps://dx.doi.org/10.6028/NBS.RPT.4731
=856  4\$zAddress at time of PURL creation$uhttps://www.govinfo.gov/content/pkg/GOVPUB-C13-1979d4e18c79429318a54a85d5a9f87e/pdf/GOVPUB-C13-1979d4e18c79429318a54a85d5a9f87e.pdf
=856  40$uhttps://purl.fdlp.gov/GPO/gpo95350
=049  \\$aGPOO
=922  \\$aBatch-processed
=922  \\$aNIST-1$b20180815

