=LDR  01589nam  2200397Ia 45e0
=001  001076627
=003  OCoLC
=005  20180711120945.0
=008  160829s1956\\\\mdu\\\\\ob\\\f000\0\eng\d
=024  8\$aGOVPUB-C13-4b4cf42f1c9115ee12aafd707dbcaaf8
=035  \\$a(OCoLC)957470362
=040  \\$aNBS$beng$erda$cNBS$dOCLCO$dOCLCF$dOCLCQ
=086  0\$aC 13.38:4621
=100  1\$aGreenfeld, Sidney H.
=245  14$aThe degradation of two coating asphalts /$cSidney H. Greenfeld.
=264  \1$aGaithersburg, MD :$bU.S. Dept. of Commerce, National Institute of Standards and Technology,$c1956.
=300  \\$a1 online resource.
=336  \\$atext$btxt$2rdacontent
=337  \\$acomputer$bc$2rdamedia
=338  \\$aonline resource$bcr$2rdacarrier
=490  1\$aNBS report ;$v4621
=500  \\$a1956.
=500  \\$aContributed record: Metadata reviewed, not verified. Some fields updated by batch processes.
=500  \\$aTitle from PDF title page.
=504  \\$aIncludes bibliographical references.
=650  \0$aAsphaltene$xTesting.
=650  \7$aAsphaltene$xTesting.$2fast$0(OCoLC)fst00818886
=700  1\$aGreenfeld, Sidney H.
=710  1\$aUnited States.$bNational Bureau of Standards.
=830  \0$aNBS report ;$v4621.
=856  4\$uhttps://dx.doi.org/10.6028/NBS.RPT.4621
=856  4\$zAddress at time of PURL creation$uhttps://www.govinfo.gov/content/pkg/GOVPUB-C13-4b4cf42f1c9115ee12aafd707dbcaaf8/pdf/GOVPUB-C13-4b4cf42f1c9115ee12aafd707dbcaaf8.pdf
=856  40$uhttps://purl.fdlp.gov/GPO/gpo97626
=049  \\$aGPOO
=922  \\$aBatch-processed
=922  \\$aNIST-1$b20180815

