=LDR  01653nam  2200409Ia 45e0
=001  001076758
=003  OCoLC
=005  20180711120945.0
=008  160829s1956\\\\mdu\\\\\ob\\\f000\0\eng\d
=024  8\$aGOVPUB-C13-6d5b8ac0540956e20611668a7fef427e
=035  \\$a(OCoLC)957470369
=040  \\$aNBS$beng$erda$cNBS$dOCLCO$dOCLCQ$dOCLCF
=086  0\$aC 13.38:4732
=100  1\$aGreenfeld, Sidney H.
=245  10$aReport on the evaluation of twenty-one coating-grade roofing asphalts /$cSidney H. Greenfeld.
=264  \1$aGaithersburg, MD :$bU.S. Dept. of Commerce, National Institute of Standards and Technology,$c1956.
=300  \\$a1 online resource.
=336  \\$atext$btxt$2rdacontent
=337  \\$acomputer$bc$2rdamedia
=338  \\$aonline resource$bcr$2rdacarrier
=490  1\$aNBS report ;$v4732
=500  \\$a1956.
=500  \\$aContributed record: Metadata reviewed, not verified. Some fields updated by batch processes.
=500  \\$aTitle from PDF title page.
=504  \\$aIncludes bibliographical references.
=650  \0$aAsphalt$xDeterioration.
=650  \0$aAsphalt$xTesting.
=650  \7$aAsphalt$xTesting.$2fast$0(OCoLC)fst00818834
=700  1\$aGreenfeld, Sidney H.
=710  1\$aUnited States.$bNational Bureau of Standards.
=830  \0$aNBS report ;$v4732.
=856  4\$uhttps://dx.doi.org/10.6028/NBS.RPT.4732
=856  4\$zAddress at time of PURL creation$uhttps://www.govinfo.gov/content/pkg/GOVPUB-C13-6d5b8ac0540956e20611668a7fef427e/pdf/GOVPUB-C13-6d5b8ac0540956e20611668a7fef427e.pdf
=856  40$uhttps://purl.fdlp.gov/GPO/gpo99078
=049  \\$aGPOO
=922  \\$aBatch-processed
=922  \\$aNIST-1$b20180815

