=LDR  01772nam  2200433Ia 45e0
=001  001076452
=003  OCoLC
=005  20180711120945.0
=008  160829s1956\\\\mdu\\\\\ob\\\f000\0\eng\d
=024  8\$aGOVPUB-C13-21ccf189ec91cc18b395c379960154fe
=035  \\$a(OCoLC)957470370
=040  \\$aNBS$beng$erda$cNBS$dOCLCO$dOCLCF$dOCLCQ
=086  0\$aC 13.38:4740
=100  1\$aGross, Daniel.
=245  10$aHeat absorbing capacity of an underground reservoir used as a heat sink :$bprogress report /$cDaniel Gross, J.J. Loftus.
=264  \1$aGaithersburg, MD :$bU.S. Dept. of Commerce, National Institute of Standards and Technology,$c1956.
=300  \\$a1 online resource.
=336  \\$atext$btxt$2rdacontent
=337  \\$acomputer$bc$2rdamedia
=338  \\$aonline resource$bcr$2rdacarrier
=490  1\$aNBS report ;$v4740
=500  \\$a1956.
=500  \\$aContributed record: Metadata reviewed, not verified. Some fields updated by batch processes.
=500  \\$aTitle from PDF title page.
=504  \\$aIncludes bibliographical references.
=650  \0$aFlame spread.
=650  \0$aHeat$xRadiation and absorption.
=650  \7$aFlame spread.$2fast$0(OCoLC)fst00926986
=650  \7$aHeat$xRadiation and absorption.$2fast$0(OCoLC)fst00953810
=700  1\$aGross, Daniel.
=700  1\$aLoftus, J. J.
=710  1\$aUnited States.$bNational Bureau of Standards.
=830  \0$aNBS report ;$v4740.
=856  4\$uhttps://dx.doi.org/10.6028/NBS.RPT.4740
=856  4\$zAddress at time of PURL creation$uhttps://www.govinfo.gov/content/pkg/GOVPUB-C13-21ccf189ec91cc18b395c379960154fe/pdf/GOVPUB-C13-21ccf189ec91cc18b395c379960154fe.pdf
=856  40$uhttps://purl.fdlp.gov/GPO/gpo95968
=049  \\$aGPOO
=922  \\$aBatch-processed
=922  \\$aNIST-1$b20180815

