=LDR  01581nam  2200397Ia 45e0
=001  001076961
=003  OCoLC
=005  20180711120945.0
=008  160829s1956\\\\mdu\\\\\ob\\\f000\0\eng\d
=024  8\$aGOVPUB-C13-a7f75c478143d531283238ae3b020e4c
=035  \\$a(OCoLC)957470356
=040  \\$aNBS$beng$erda$cNBS$dOCLCO$dOCLCQ
=086  0\$aC 13.38:4550
=100  1\$aHockman, Arthur.
=245  12$aA study of some physical properties of five rock samples /$cArthur Hockman, T.W. Reichard, E.W. Krussell.
=264  \1$aGaithersburg, MD :$bU.S. Dept. of Commerce, National Institute of Standards and Technology,$c1956.
=300  \\$a1 online resource.
=336  \\$atext$btxt$2rdacontent
=337  \\$acomputer$bc$2rdamedia
=338  \\$aonline resource$bcr$2rdacarrier
=490  1\$aNBS report ;$v4550
=500  \\$a1956.
=500  \\$aContributed record: Metadata reviewed, not verified. Some fields updated by batch processes.
=500  \\$aTitle from PDF title page.
=504  \\$aIncludes bibliographical references.
=700  1\$aHockman, Arthur.
=700  1\$aKrussell, E. W.
=700  1\$aReichard, T. W.
=710  1\$aUnited States.$bNational Bureau of Standards.
=830  \0$aNBS report ;$v4550.
=856  4\$uhttps://dx.doi.org/10.6028/NBS.RPT.4550
=856  4\$zAddress at time of PURL creation$uhttps://www.govinfo.gov/content/pkg/GOVPUB-C13-a7f75c478143d531283238ae3b020e4c/pdf/GOVPUB-C13-a7f75c478143d531283238ae3b020e4c.pdf
=856  40$uhttps://purl.fdlp.gov/GPO/gpo101566
=049  \\$aGPOO
=922  \\$aBatch-processed
=922  \\$aNIST-1$b20180815

