=LDR  01582nam  2200385Ia 45e0
=001  001076671
=003  OCoLC
=005  20180711121001.0
=008  161006s1956\\\\mdu\\\\\ob\\\f000\0\eng\d
=024  8\$aGOVPUB-C13-55e717a0a793b3b856ff6daf7f5c976e
=035  \\$a(OCoLC)959982830
=040  \\$aNBS$beng$erda$cNBS$dOCLCO$dOCLCQ
=086  0\$aC 13.38:4283
=100  1\$aHoynes, D. S.
=245  10$aCharacterization of metal-insulator laminates :$bprogress report period of January 1955 through December 1955 /$cD.S. Hoynes.
=264  \1$aGaithersburg, MD :$bU.S. Dept. of Commerce, National Institute of Standards and Technology,$c1956.
=300  \\$a1 online resource.
=336  \\$atext$btxt$2rdacontent
=337  \\$acomputer$bc$2rdamedia
=338  \\$aonline resource$bcr$2rdacarrier
=490  1\$aNBS report ;$v4283
=500  \\$a1956.
=500  \\$aContributed record: Metadata reviewed, not verified. Some fields updated by batch processes.
=500  \\$aTitle from PDF title page.
=504  \\$aIncludes bibliographical references.
=650  \0$aMetal insulator laminates$xTesting.
=700  1\$aHoynes, D. S.
=710  1\$aUnited States.$bNational Bureau of Standards.
=830  \0$aNBS report ;$v4283.
=856  4\$uhttps://dx.doi.org/10.6028/NBS.RPT.4283
=856  4\$zAddress at time of PURL creation$uhttps://www.govinfo.gov/content/pkg/GOVPUB-C13-55e717a0a793b3b856ff6daf7f5c976e/pdf/GOVPUB-C13-55e717a0a793b3b856ff6daf7f5c976e.pdf
=856  40$uhttps://purl.fdlp.gov/GPO/gpo98033
=049  \\$aGPOO
=922  \\$aBatch-processed
=922  \\$aNIST-1$b20180815

