=LDR  01710nam  2200421Ia 45e0
=001  001077193
=003  OCoLC
=005  20180711121004.0
=008  161006s1956\\\\mdu\\\\\ob\\\f000\0\eng\d
=024  8\$aGOVPUB-C13-de93d518611699aeaca32f3091fa6440
=035  \\$a(OCoLC)959983049
=040  \\$aNBS$beng$erda$cNBS$dOCLCO$dOCLCF$dOCLCQ
=086  0\$aC 13.38:4565
=100  1\$aIrwin, L. K.
=245  10$aStatic loading tests of A.G.A. expendable top runway light head assemblies with glass covers /$cL.K. Irwin.
=264  \1$aGaithersburg, MD :$bU.S. Dept. of Commerce, National Institute of Standards and Technology,$c1956.
=300  \\$a1 online resource.
=336  \\$atext$btxt$2rdacontent
=337  \\$acomputer$bc$2rdamedia
=338  \\$aonline resource$bcr$2rdacarrier
=490  1\$aNBS report ;$v4565
=500  \\$a1956.
=500  \\$aContributed record: Metadata reviewed, not verified. Some fields updated by batch processes.
=500  \\$aTitle from PDF title page.
=504  \\$aIncludes bibliographical references.
=650  \0$aDead loads (Mechanics)
=650  \0$aSignal lights.
=650  \7$aDead loads (Mechanics)$2fast$0(OCoLC)fst00888421
=650  \7$aSignal lights.$2fast$0(OCoLC)fst01118278
=700  1\$aIrwin, L. K.
=710  1\$aUnited States.$bNational Bureau of Standards.
=830  \0$aNBS report ;$v4565.
=856  4\$uhttps://dx.doi.org/10.6028/NBS.RPT.4565
=856  4\$zAddress at time of PURL creation$uhttps://www.govinfo.gov/content/pkg/GOVPUB-C13-de93d518611699aeaca32f3091fa6440/pdf/GOVPUB-C13-de93d518611699aeaca32f3091fa6440.pdf
=856  40$uhttps://purl.fdlp.gov/GPO/gpo104053
=049  \\$aGPOO
=922  \\$aBatch-processed
=922  \\$aNIST-1$b20180815

