=LDR  01712nam  2200421Ia 45e0
=001  001077311
=003  OCoLC
=005  20180711121004.0
=008  161006s1956\\\\mdu\\\\\ob\\\f000\0\eng\d
=024  8\$aGOVPUB-C13-ff99c2cd56a402c46a7f1515d404e20c
=035  \\$a(OCoLC)959983061
=040  \\$aNBS$beng$erda$cNBS$dOCLCO$dOCLCF$dOCLCQ
=086  0\$aC 13.38:4783
=100  1\$aIrwin, L. K.
=245  10$aStatic loading tests of an A.G.A. expendable top runway light head assemblies with glass cover /$cL.K. Irwin.
=264  \1$aGaithersburg, MD :$bU.S. Dept. of Commerce, National Institute of Standards and Technology,$c1956.
=300  \\$a1 online resource.
=336  \\$atext$btxt$2rdacontent
=337  \\$acomputer$bc$2rdamedia
=338  \\$aonline resource$bcr$2rdacarrier
=490  1\$aNBS report ;$v4783
=500  \\$a1956.
=500  \\$aContributed record: Metadata reviewed, not verified. Some fields updated by batch processes.
=500  \\$aTitle from PDF title page.
=504  \\$aIncludes bibliographical references.
=650  \0$aDead loads (Mechanics)
=650  \0$aSignal lights.
=650  \7$aDead loads (Mechanics)$2fast$0(OCoLC)fst00888421
=650  \7$aSignal lights.$2fast$0(OCoLC)fst01118278
=700  1\$aIrwin, L. K.
=710  1\$aUnited States.$bNational Bureau of Standards.
=830  \0$aNBS report ;$v4783.
=856  4\$uhttps://dx.doi.org/10.6028/NBS.RPT.4783
=856  4\$zAddress at time of PURL creation$uhttps://www.govinfo.gov/content/pkg/GOVPUB-C13-ff99c2cd56a402c46a7f1515d404e20c/pdf/GOVPUB-C13-ff99c2cd56a402c46a7f1515d404e20c.pdf
=856  40$uhttps://purl.fdlp.gov/GPO/gpo105419
=049  \\$aGPOO
=922  \\$aBatch-processed
=922  \\$aNIST-1$b20180815

