=LDR  01767nam  2200421Ia 45e0
=001  001076897
=003  OCoLC
=005  20180711121004.0
=008  161006s1956\\\\mdu\\\\\ob\\\f000\0\eng\d
=024  8\$aGOVPUB-C13-939b831723dc802ddcb8cc9d78057b47
=035  \\$a(OCoLC)959983051
=040  \\$aNBS$beng$erda$cNBS$dOCLCO$dOCLCF$dOCLCQ
=086  0\$aC 13.38:4574
=100  1\$aKroll, Wilhelmina D.
=245  10$aLanding gear loads resulting from taxying airplane over a projecting runway light :$bprogress report 1 /$cWilhelmina D. Kroll.
=264  \1$aGaithersburg, MD :$bU.S. Dept. of Commerce, National Institute of Standards and Technology,$c1956.
=300  \\$a1 online resource.
=336  \\$atext$btxt$2rdacontent
=337  \\$acomputer$bc$2rdamedia
=338  \\$aonline resource$bcr$2rdacarrier
=490  1\$aNBS report ;$v4574
=500  \\$a1956.
=500  \\$aContributed record: Metadata reviewed, not verified. Some fields updated by batch processes.
=500  \\$aTitle from PDF title page.
=504  \\$aIncludes bibliographical references.
=650  \0$aLanding aids (Aeronautics)
=650  \0$aRunways (Aeronautics)
=650  \7$aLanding aids (Aeronautics)$2fast$0(OCoLC)fst00991698
=650  \7$aRunways (Aeronautics)$2fast$0(OCoLC)fst01101423
=700  1\$aKroll, Wilhelmina D.
=710  1\$aUnited States.$bNational Bureau of Standards.
=830  \0$aNBS report ;$v4574.
=856  4\$uhttps://dx.doi.org/10.6028/NBS.RPT.4574
=856  4\$zAddress at time of PURL creation$uhttps://www.govinfo.gov/content/pkg/GOVPUB-C13-939b831723dc802ddcb8cc9d78057b47/pdf/GOVPUB-C13-939b831723dc802ddcb8cc9d78057b47.pdf
=856  40$uhttps://purl.fdlp.gov/GPO/gpo100765
=049  \\$aGPOO
=922  \\$aBatch-processed
=922  \\$aNIST-1$b20180815

