=LDR  01607nam  2200397Ia 45e0
=001  001076611
=003  OCoLC
=005  20180711121004.0
=008  161006s1956\\\\mdu\\\\\ob\\\f000\0\eng\d
=024  8\$aGOVPUB-C13-47cccdbd1e7a3fa33dd3d069e809726a
=035  \\$a(OCoLC)959983054
=040  \\$aNBS$beng$erda$cNBS$dOCLCO$dOCLCQ
=086  0\$aC 13.38:4649
=100  1\$aKurland, R. J.
=245  10$aMicrowave spectroscopy of labile molecules :$bI. transition types, frequencies, and intensities /$cR.J. Kurland, D.E. Mann.
=264  \1$aGaithersburg, MD :$bU.S. Dept. of Commerce, National Institute of Standards and Technology,$c1956.
=300  \\$a1 online resource.
=336  \\$atext$btxt$2rdacontent
=337  \\$acomputer$bc$2rdamedia
=338  \\$aonline resource$bcr$2rdacarrier
=490  1\$aNBS report ;$v4649
=500  \\$a1956.
=500  \\$aContributed record: Metadata reviewed, not verified. Some fields updated by batch processes.
=500  \\$aTitle from PDF title page.
=504  \\$aIncludes bibliographical references.
=650  \0$aMicrowave spectroscopy$xTesting.
=700  1\$aKurland, R. J.
=700  1\$aMann, D. E.
=710  1\$aUnited States.$bNational Bureau of Standards.
=830  \0$aNBS report ;$v4649.
=856  4\$uhttps://dx.doi.org/10.6028/NBS.RPT.4649
=856  4\$zAddress at time of PURL creation$uhttps://www.govinfo.gov/content/pkg/GOVPUB-C13-47cccdbd1e7a3fa33dd3d069e809726a/pdf/GOVPUB-C13-47cccdbd1e7a3fa33dd3d069e809726a.pdf
=856  40$uhttps://purl.fdlp.gov/GPO/gpo97495
=049  \\$aGPOO
=922  \\$aBatch-processed
=922  \\$aNIST-1$b20180815

