=LDR  01666nam  2200409Ia 45e0
=001  001076756
=003  OCoLC
=005  20180711121004.0
=008  161006s1956\\\\mdu\\\\\ob\\\f000\0\eng\d
=024  8\$aGOVPUB-C13-6c9bddcd65b855fe5c8002bb4c42fd70
=035  \\$a(OCoLC)959983053
=040  \\$aNBS$beng$erda$cNBS$dOCLCO$dOCLCQ
=086  0\$aC 13.38:4606
=100  1\$aLane, J. W.,$cSr.
=245  10$aEvaluation field tests of searchlights and reflective materials in search and rescue operations /$cJ.W. Lane, Sr., T.H. Projector, W.A. Hall, L.R. Noffsinger.
=264  \1$aGaithersburg, MD :$bU.S. Dept. of Commerce, National Institute of Standards and Technology,$c1956.
=300  \\$a1 online resource.
=336  \\$atext$btxt$2rdacontent
=337  \\$acomputer$bc$2rdamedia
=338  \\$aonline resource$bcr$2rdacarrier
=490  1\$aNBS report ;$v4606
=500  \\$a1956.
=500  \\$aContributed record: Metadata reviewed, not verified. Some fields updated by batch processes.
=500  \\$aTitle from PDF title page.
=504  \\$aIncludes bibliographical references.
=700  1\$aHall, W. A.
=700  1\$aLane, J. W.,$cSr.
=700  1\$aNoffsinger, L. R.
=700  1\$aProjector, T. H.
=710  1\$aUnited States.$bNational Bureau of Standards.
=830  \0$aNBS report ;$v4606.
=856  4\$uhttps://dx.doi.org/10.6028/NBS.RPT.4606
=856  4\$zAddress at time of PURL creation$uhttps://www.govinfo.gov/content/pkg/GOVPUB-C13-6c9bddcd65b855fe5c8002bb4c42fd70/pdf/GOVPUB-C13-6c9bddcd65b855fe5c8002bb4c42fd70.pdf
=856  40$uhttps://purl.fdlp.gov/GPO/gpo99050
=049  \\$aGPOO
=922  \\$aBatch-processed
=922  \\$aNIST-1$b20180815

