=LDR  01551nam  2200385Ia 45e0
=001  001076501
=003  OCoLC
=005  20180711120936.0
=008  170724s1956\\\\mdu\\\\\obt\\f000\0\eng\d
=024  8\$aGOVPUB-C13-2e086e0f0e51d761b19a858e7dbd70a5
=035  \\$a(OCoLC)994300444
=040  \\$aNBS$beng$erda$cNBS$dOCLCO$dOCLCQ
=086  0\$aC 13.38:4326
=100  1\$aLee, T. G.
=245  10$aMotorboat fire extinguisher evaluation /$cT.G. Lee ; H. Shoub ; J.M. Camero.
=264  \1$aGaithersburg, MD :$bU.S. Dept. of Commerce, National Institute of Standards and Technology,$c1956.
=300  \\$a1 online resource.
=336  \\$atext$btxt$2rdacontent
=337  \\$acomputer$bc$2rdamedia
=338  \\$aonline resource$bcr$2rdacarrier
=490  1\$aNBS report ;$v4326
=500  \\$aContributed record: Metadata reviewed, not verified. Some fields updated by batch processes.
=500  \\$aSeptember 22, 1956.
=500  \\$aTitle from PDF title page (viewed Febraury 22, 2017).
=504  \\$aIncludes bibliographical references.
=700  1\$aCameron J. M.
=700  1\$aLee, T. G.
=710  2\$aNational Institute of Standards and Technology (U.S.)
=830  \0$aNBS report ;$v4326.
=856  4\$uhttps://doi.org/10.6028/NBS.RPT.4326
=856  4\$zAddress at time of PURL creation$uhttps://www.govinfo.gov/content/pkg/GOVPUB-C13-2e086e0f0e51d761b19a858e7dbd70a5/pdf/GOVPUB-C13-2e086e0f0e51d761b19a858e7dbd70a5.pdf
=856  40$uhttps://purl.fdlp.gov/GPO/gpo96249
=049  \\$aGPOO
=922  \\$aBatch-processed
=922  \\$aNIST-1$b20180815

