=LDR  01758nam  2200433Ia 45e0
=001  001077196
=003  OCoLC
=005  20180711120949.0
=008  160829s1956\\\\mdu\\\\\ob\\\f000\0\eng\d
=024  8\$aGOVPUB-C13-deb68def95452a4afbd4fed24e45848a
=035  \\$a(OCoLC)957470493
=040  \\$aNBS$beng$erda$cNBS$dOCLCO$dOCLCF$dOCLCQ
=086  0\$aC 13.38:4802
=100  1\$aLee, T. G.
=245  14$aThe effect of wetting agents of water quenching of solid propellant fires /$cT.G. Lee, C.S. McCamy.
=264  \1$aGaithersburg, MD :$bU.S. Dept. of Commerce, National Institute of Standards and Technology,$c1956.
=300  \\$a1 online resource.
=336  \\$atext$btxt$2rdacontent
=337  \\$acomputer$bc$2rdamedia
=338  \\$aonline resource$bcr$2rdacarrier
=490  1\$aNBS report ;$v4802
=500  \\$a1956.
=500  \\$aContributed record: Metadata reviewed, not verified. Some fields updated by batch processes.
=500  \\$aTitle from PDF title page.
=504  \\$aIncludes bibliographical references.
=650  \0$aSolid propellants$xTesting.
=650  \0$aWetting agents$xTesting.
=650  \7$aSolid propellants$xTesting.$2fast$0(OCoLC)fst01125439
=650  \7$aWetting agents$xTesting.$2fast$0(OCoLC)fst01174231
=700  1\$aLee, T. G.
=700  1\$aMcCamy, C. S.
=710  1\$aUnited States.$bNational Bureau of Standards.
=830  \0$aNBS report ;$v4802.
=856  4\$uhttps://dx.doi.org/10.6028/NBS.RPT.4802
=856  4\$zAddress at time of PURL creation$uhttps://www.govinfo.gov/content/pkg/GOVPUB-C13-deb68def95452a4afbd4fed24e45848a/pdf/GOVPUB-C13-deb68def95452a4afbd4fed24e45848a.pdf
=856  40$uhttps://purl.fdlp.gov/GPO/gpo104060
=049  \\$aGPOO
=922  \\$aBatch-processed
=922  \\$aNIST-1$b20180815

