=LDR  01731nam  2200433Ia 45e0
=001  001076865
=003  OCoLC
=005  20180711120936.0
=008  161006s1956\\\\mdu\\\\\ob\\\f000\0\eng\d
=024  8\$aGOVPUB-C13-8c3140240593f1e4fd346096d37a01f8
=035  \\$a(OCoLC)959983048
=040  \\$aNBS$beng$erda$cNBS$dOCLCO$dOCLCF$dOCLCQ
=086  0\$aC 13.38:4564
=100  1\$aLieblein, Julius.
=245  10$aSome formulas for computing probabilities for common statistics /$cJulius Lieblein, J.M. Cameron.
=264  \1$aGaithersburg, MD :$bU.S. Dept. of Commerce, National Institute of Standards and Technology,$c1956.
=300  \\$a1 online resource.
=336  \\$atext$btxt$2rdacontent
=337  \\$acomputer$bc$2rdamedia
=338  \\$aonline resource$bcr$2rdacarrier
=490  1\$aNBS report ;$v4564
=500  \\$a1956.
=500  \\$aContributed record: Metadata reviewed, not verified. Some fields updated by batch processes.
=500  \\$aTitle from PDF title page.
=504  \\$aIncludes bibliographical references.
=650  \0$aProbabilities.
=650  \0$aRandom variables.
=650  \7$aProbabilities.$2fast$0(OCoLC)fst01077737
=650  \7$aRandom variables.$2fast$0(OCoLC)fst01089812
=700  1\$aCameron, J. M.
=700  1\$aLieblein, Julius.
=710  1\$aUnited States.$bNational Bureau of Standards.
=830  \0$aNBS report ;$v4564.
=856  4\$uhttps://dx.doi.org/10.6028/NBS.RPT.4564
=856  4\$zAddress at time of PURL creation$uhttps://www.govinfo.gov/content/pkg/GOVPUB-C13-8c3140240593f1e4fd346096d37a01f8/pdf/GOVPUB-C13-8c3140240593f1e4fd346096d37a01f8.pdf
=856  40$uhttps://purl.fdlp.gov/GPO/gpo100468
=049  \\$aGPOO
=922  \\$aBatch-processed
=922  \\$aNIST-1$b20180815

