=LDR  01584nam  2200397Ia 45e0
=001  001077047
=003  OCoLC
=005  20180711120934.0
=008  160829s1956\\\\mdu\\\\\ob\\\f000\0\eng\d
=024  8\$aGOVPUB-C13-bf4244e4bef45ec37856977972de8786
=035  \\$a(OCoLC)957470367
=040  \\$aNBS$beng$erda$cNBS$dOCLCO$dOCLCF$dOCLCQ
=086  0\$aC 13.38:4711
=100  1\$aMcCamy, C. S.
=245  12$aA survey of the hazards of handling liquid oxygen /$cC.S. McCamy.
=264  \1$aGaithersburg, MD :$bU.S. Dept. of Commerce, National Institute of Standards and Technology,$c1956.
=300  \\$a1 online resource.
=336  \\$atext$btxt$2rdacontent
=337  \\$acomputer$bc$2rdamedia
=338  \\$aonline resource$bcr$2rdacarrier
=490  1\$aNBS report ;$v4711
=500  \\$a1956.
=500  \\$aContributed record: Metadata reviewed, not verified. Some fields updated by batch processes.
=500  \\$aTitle from PDF title page.
=504  \\$aIncludes bibliographical references.
=650  \0$aLiquid oxygen$xStorage.
=650  \7$aLiquid oxygen$xStorage.$2fast$0(OCoLC)fst00999635
=700  1\$aMcCamy, C. S.
=710  1\$aUnited States.$bNational Bureau of Standards.
=830  \0$aNBS report ;$v4711.
=856  4\$uhttps://dx.doi.org/10.6028/NBS.RPT.4711
=856  4\$zAddress at time of PURL creation$uhttps://www.govinfo.gov/content/pkg/GOVPUB-C13-bf4244e4bef45ec37856977972de8786/pdf/GOVPUB-C13-bf4244e4bef45ec37856977972de8786.pdf
=856  40$uhttps://purl.fdlp.gov/GPO/gpo102504
=049  \\$aGPOO
=922  \\$aBatch-processed
=922  \\$aNIST-1$b20180815

