=LDR  01537nam  2200397Ia 45e0
=001  001077277
=003  OCoLC
=005  20180711120949.0
=008  160829s1956\\\\mdu\\\\\ob\\\f000\0\eng\d
=024  8\$aGOVPUB-C13-f588abbdcb4e714fd56b2ac42d86b906
=035  \\$a(OCoLC)957470506
=040  \\$aNBS$beng$erda$cNBS$dOCLCO$dOCLCQ
=086  0\$aC 13.38:4923
=100  1\$aMcCamy, C. S.
=245  10$aFire extinguishment by means of dry powder /$cC.S. McCamy, H. Shoub, T.G. Lee.
=264  \1$aGaithersburg, MD :$bU.S. Dept. of Commerce, National Institute of Standards and Technology,$c1956.
=300  \\$a1 online resource.
=336  \\$atext$btxt$2rdacontent
=337  \\$acomputer$bc$2rdamedia
=338  \\$aonline resource$bcr$2rdacarrier
=490  1\$aNBS report ;$v4923
=500  \\$a1956.
=500  \\$aContributed record: Metadata reviewed, not verified. Some fields updated by batch processes.
=500  \\$aTitle from PDF title page.
=504  \\$aIncludes bibliographical references.
=700  1\$aLee, T. G.
=700  1\$aMcCamy, C. S.
=700  1\$aShoub, H.
=710  1\$aUnited States.$bNational Bureau of Standards.
=830  \0$aNBS report ;$v4923.
=856  4\$uhttps://dx.doi.org/10.6028/NBS.RPT.4923
=856  4\$zAddress at time of PURL creation$uhttps://www.govinfo.gov/content/pkg/GOVPUB-C13-f588abbdcb4e714fd56b2ac42d86b906/pdf/GOVPUB-C13-f588abbdcb4e714fd56b2ac42d86b906.pdf
=856  40$uhttps://purl.fdlp.gov/GPO/gpo105007
=049  \\$aGPOO
=922  \\$aBatch-processed
=922  \\$aNIST-1$b20180815

