=LDR  01598nam  2200397Ia 45e0
=001  001077059
=003  OCoLC
=005  20180711120944.0
=008  160829s1956\\\\mdu\\\\\ob\\\f000\0\eng\d
=024  8\$aGOVPUB-C13-c1cb2067fa234c9cdec6e83f5bb2a14a
=035  \\$a(OCoLC)957470284
=040  \\$aNBS$beng$erda$cNBS$dOCLCO$dOCLCQ
=086  0\$aC 13.38:4795
=100  1\$aPeavy, B. A.
=245  10$aSome observations on the use of underground reservoirs as heat sinks :$bsecond edition /$cB.A. Peavy, R.S. Dill.
=264  \1$aGaithersburg, MD :$bU.S. Dept. of Commerce, National Institute of Standards and Technology,$c1956.
=300  \\$a1 online resource.
=336  \\$atext$btxt$2rdacontent
=337  \\$acomputer$bc$2rdamedia
=338  \\$aonline resource$bcr$2rdacarrier
=490  1\$aNBS report ;$v4795
=500  \\$a1956.
=500  \\$aContributed record: Metadata reviewed, not verified. Some fields updated by batch processes.
=500  \\$aTitle from PDF title page.
=504  \\$aIncludes bibliographical references.
=650  \0$aReservoirs$xRadiation and absorption.
=700  1\$aDill, R. S.
=700  1\$aPeavy, B. A.
=710  1\$aUnited States.$bNational Bureau of Standards.
=830  \0$aNBS report ;$v4795.
=856  4\$uhttps://dx.doi.org/10.6028/NBS.RPT.4795
=856  4\$zAddress at time of PURL creation$uhttps://www.govinfo.gov/content/pkg/GOVPUB-C13-c1cb2067fa234c9cdec6e83f5bb2a14a/pdf/GOVPUB-C13-c1cb2067fa234c9cdec6e83f5bb2a14a.pdf
=856  40$uhttps://purl.fdlp.gov/GPO/gpo102619
=049  \\$aGPOO
=922  \\$aBatch-processed
=922  \\$aNIST-1$b20180815

