=LDR  01695nam  2200409Ia 45e0
=001  001076472
=003  OCoLC
=005  20180711120949.0
=008  160829s1956\\\\mdu\\\\\ob\\\f000\0\eng\d
=024  8\$aGOVPUB-C13-2727243ef54c15fab80a9ae53ca731b7
=035  \\$a(OCoLC)957470520
=040  \\$aNBS$beng$erda$cNBS$dOCLCO$dOCLCQ
=086  0\$aC 13.38:4875
=100  1\$aPhillips, C. W.$q(Clinton Woodward),$d1919-
=245  10$aSome observed heat transfer characteristics of seven typical refrigerated semi-trailers /$cC.W. Phillips, R.S. Dill, H.D. Johnson, W.H. Redit.
=264  \1$aGaithersburg, MD :$bU.S. Dept. of Commerce, National Institute of Standards and Technology,$c1956.
=300  \\$a1 online resource.
=336  \\$atext$btxt$2rdacontent
=337  \\$acomputer$bc$2rdamedia
=338  \\$aonline resource$bcr$2rdacarrier
=490  1\$aNBS report ;$v4875
=500  \\$a1956.
=500  \\$aContributed record: Metadata reviewed, not verified. Some fields updated by batch processes.
=500  \\$aTitle from PDF title page.
=504  \\$aIncludes bibliographical references.
=700  1\$aDill, R. S.
=700  1\$aJohnson, H. D.
=700  1\$aPhillips, C. W.$q(Clinton Woodward),$d1919-
=700  1\$aRedit, W. H.
=710  1\$aUnited States.$bNational Bureau of Standards.
=830  \0$aNBS report ;$v4875.
=856  4\$uhttps://dx.doi.org/10.6028/NBS.RPT.4875
=856  4\$zAddress at time of PURL creation$uhttps://www.govinfo.gov/content/pkg/GOVPUB-C13-2727243ef54c15fab80a9ae53ca731b7/pdf/GOVPUB-C13-2727243ef54c15fab80a9ae53ca731b7.pdf
=856  40$uhttps://purl.fdlp.gov/GPO/gpo95969
=049  \\$aGPOO
=922  \\$aBatch-processed
=922  \\$aNIST-1$b20180815

