=LDR  01702nam  2200421Ia 45e0
=001  001076936
=003  OCoLC
=005  20180711120944.0
=008  160829s1956\\\\mdu\\\\\ob\\\f000\0\eng\d
=024  8\$aGOVPUB-C13-a215adbafbdf7875a46f3e4136be4edc
=035  \\$a(OCoLC)957470282
=040  \\$aNBS$beng$erda$cNBS$dOCLCO$dOCLCQ$dOCLCF
=086  0\$aC 13.38:4751
=100  1\$aRichards, Lloyd E.
=245  10$aThermal conductivity of a specimen of stainless steel Type 430 /$cLloyd E. Richards, Henry E. Robinson.
=264  \1$aGaithersburg, MD :$bU.S. Dept. of Commerce, National Institute of Standards and Technology,$c1956.
=300  \\$a1 online resource.
=336  \\$atext$btxt$2rdacontent
=337  \\$acomputer$bc$2rdamedia
=338  \\$aonline resource$bcr$2rdacarrier
=490  1\$aNBS report ;$v4751
=500  \\$a1956.
=500  \\$aContributed record: Metadata reviewed, not verified. Some fields updated by batch processes.
=500  \\$aTitle from PDF title page.
=504  \\$aIncludes bibliographical references.
=650  \0$aFlame spread.
=650  \0$aStainless steel$xThermal conductivity.
=650  \7$aFlame spread.$2fast$0(OCoLC)fst00926986
=700  1\$aRichards, Lloyd E.
=700  1\$aRobinson, Henry E.
=710  1\$aUnited States.$bNational Bureau of Standards.
=830  \0$aNBS report ;$v4751.
=856  4\$uhttps://dx.doi.org/10.6028/NBS.RPT.4751
=856  4\$zAddress at time of PURL creation$uhttps://www.govinfo.gov/content/pkg/GOVPUB-C13-a215adbafbdf7875a46f3e4136be4edc/pdf/GOVPUB-C13-a215adbafbdf7875a46f3e4136be4edc.pdf
=856  40$uhttps://purl.fdlp.gov/GPO/gpo101318
=049  \\$aGPOO
=922  \\$aBatch-processed
=922  \\$aNIST-1$b20180815

