=LDR  01648nam  2200409Ia 45e0
=001  001076994
=003  OCoLC
=005  20180711120949.0
=008  160829s1956\\\\mdu\\\\\ob\\\f000\0\eng\d
=024  8\$aGOVPUB-C13-b25fd003c00a9c9a2babd9406dde965b
=035  \\$a(OCoLC)957470494
=040  \\$aNBS$beng$erda$cNBS$dOCLCO$dOCLCQ$dOCLCF
=086  0\$aC 13.38:4812
=100  1\$aRichards, Lloyd E.
=245  10$aThermal conductivities of five specimens of beetle resin /$cLloyd E. Richards.
=264  \1$aGaithersburg, MD :$bU.S. Dept. of Commerce, National Institute of Standards and Technology,$c1956.
=300  \\$a1 online resource.
=336  \\$atext$btxt$2rdacontent
=337  \\$acomputer$bc$2rdamedia
=338  \\$aonline resource$bcr$2rdacarrier
=490  1\$aNBS report ;$v4812
=500  \\$a1956.
=500  \\$aContributed record: Metadata reviewed, not verified. Some fields updated by batch processes.
=500  \\$aTitle from PDF title page.
=504  \\$aIncludes bibliographical references.
=650  \0$aAdhesives$xTesting.
=650  \0$aAdhesives$xThermal conductivity.
=650  \7$aAdhesives$xTesting.$2fast$0(OCoLC)fst00796626
=700  1\$aRichards, Lloyd E.
=710  1\$aUnited States.$bNational Bureau of Standards.
=830  \0$aNBS report ;$v4812.
=856  4\$uhttps://dx.doi.org/10.6028/NBS.RPT.4812
=856  4\$zAddress at time of PURL creation$uhttps://www.govinfo.gov/content/pkg/GOVPUB-C13-b25fd003c00a9c9a2babd9406dde965b/pdf/GOVPUB-C13-b25fd003c00a9c9a2babd9406dde965b.pdf
=856  40$uhttps://purl.fdlp.gov/GPO/gpo101967
=049  \\$aGPOO
=922  \\$aBatch-processed
=922  \\$aNIST-1$b20180815

