=LDR  01617nam  2200397Ia 45e0
=001  001076694
=003  OCoLC
=005  20180711120946.0
=008  160829s1956\\\\mdu\\\\\ob\\\f000\0\eng\d
=024  8\$aGOVPUB-C13-5b8e24b2b2ba663c435b87171e11d024
=035  \\$a(OCoLC)957470409
=040  \\$aNBS$beng$erda$cNBS$dOCLCO$dOCLCQ
=086  0\$aC 13.38:4854
=100  1\$aRobertson, A. F.
=245  10$aTheoretical heat transfer scaling relationships for fire endurance of reinforced concrete /$cA.F. Robertson, S.M. Genensky.
=264  \1$aGaithersburg, MD :$bU.S. Dept. of Commerce, National Institute of Standards and Technology,$c1956.
=300  \\$a1 online resource.
=336  \\$atext$btxt$2rdacontent
=337  \\$acomputer$bc$2rdamedia
=338  \\$aonline resource$bcr$2rdacarrier
=490  1\$aNBS report ;$v4854
=500  \\$a1956.
=500  \\$aContributed record: Metadata reviewed, not verified. Some fields updated by batch processes.
=500  \\$aTitle from PDF title page.
=504  \\$aIncludes bibliographical references.
=650  \0$aReinforced concrete$xFire testing.
=700  1\$aGenensky, S. M.
=700  1\$aRobertson, A. F.
=710  1\$aUnited States.$bNational Bureau of Standards.
=830  \0$aNBS report ;$v4854.
=856  4\$uhttps://dx.doi.org/10.6028/NBS.RPT.4854
=856  4\$zAddress at time of PURL creation$uhttps://www.govinfo.gov/content/pkg/GOVPUB-C13-5b8e24b2b2ba663c435b87171e11d024/pdf/GOVPUB-C13-5b8e24b2b2ba663c435b87171e11d024.pdf
=856  40$uhttps://purl.fdlp.gov/GPO/gpo98380
=049  \\$aGPOO
=922  \\$aBatch-processed
=922  \\$aNIST-1$b20180815

