=LDR  01613nam  2200409Ia 45e0
=001  001076380
=003  OCoLC
=005  20180711120945.0
=008  160829s1956\\\\mdu\\\\\ob\\\f000\0\eng\d
=024  8\$aGOVPUB-C13-0ea0d461c08d3d81d05e908054a38034
=035  \\$a(OCoLC)957470364
=040  \\$aNBS$beng$erda$cNBS$dOCLCO$dOCLCQ$dOCLCF
=086  0\$aC 13.38:4683
=100  1\$aRyan, J. V.
=245  10$aSteel joist roof deck /$cJ.V. Ryan.
=264  \1$aGaithersburg, MD :$bU.S. Dept. of Commerce, National Institute of Standards and Technology,$c1956.
=300  \\$a1 online resource.
=336  \\$atext$btxt$2rdacontent
=337  \\$acomputer$bc$2rdamedia
=338  \\$aonline resource$bcr$2rdacarrier
=490  1\$aNBS report ;$v4683
=500  \\$a1956.
=500  \\$aContributed record: Metadata reviewed, not verified. Some fields updated by batch processes.
=500  \\$aTitle from PDF title page.
=504  \\$aIncludes bibliographical references.
=650  \0$aRoofs$xFires and fire prevention.
=650  \0$aSteel joists$xFire testing.
=650  \7$aRoofs$xFires and fire prevention.$2fast$0(OCoLC)fst01100323
=700  1\$aRyan, J. V.
=710  1\$aUnited States.$bNational Bureau of Standards.
=830  \0$aNBS report ;$v4683.
=856  4\$uhttps://dx.doi.org/10.6028/NBS.RPT.4683
=856  4\$zAddress at time of PURL creation$uhttps://www.govinfo.gov/content/pkg/GOVPUB-C13-0ea0d461c08d3d81d05e908054a38034/pdf/GOVPUB-C13-0ea0d461c08d3d81d05e908054a38034.pdf
=856  40$uhttps://purl.fdlp.gov/GPO/gpo95015
=049  \\$aGPOO
=922  \\$aBatch-processed
=922  \\$aNIST-1$b20180815

