=LDR  01590nam  2200397Ia 45e0
=001  001077032
=003  OCoLC
=005  20180711120949.0
=008  160829s1956\\\\mdu\\\\\ob\\\f000\0\eng\d
=024  8\$aGOVPUB-C13-bad52e522cda3fe907c989efc6302baa
=035  \\$a(OCoLC)957470505
=040  \\$aNBS$beng$erda$cNBS$dOCLCO$dOCLCF$dOCLCQ
=086  0\$aC 13.38:4920
=100  1\$aRyan, J. V.
=245  10$aFire tests of precast thin-shell concrete roof panels /$cJ.V. Ryan.
=264  \1$aGaithersburg, MD :$bU.S. Dept. of Commerce, National Institute of Standards and Technology,$c1956.
=300  \\$a1 online resource.
=336  \\$atext$btxt$2rdacontent
=337  \\$acomputer$bc$2rdamedia
=338  \\$aonline resource$bcr$2rdacarrier
=490  1\$aNBS report ;$v4920
=500  \\$a1956.
=500  \\$aContributed record: Metadata reviewed, not verified. Some fields updated by batch processes.
=500  \\$aTitle from PDF title page.
=504  \\$aIncludes bibliographical references.
=650  \0$aRoofing, Concrete$xTesting.
=650  \7$aRoofing, Concrete$xTesting.$2fast$0(OCoLC)fst01100304
=700  1\$aRyan, J. V.
=710  1\$aUnited States.$bNational Bureau of Standards.
=830  \0$aNBS report ;$v4920.
=856  4\$uhttps://dx.doi.org/10.6028/NBS.RPT.4920
=856  4\$zAddress at time of PURL creation$uhttps://www.govinfo.gov/content/pkg/GOVPUB-C13-bad52e522cda3fe907c989efc6302baa/pdf/GOVPUB-C13-bad52e522cda3fe907c989efc6302baa.pdf
=856  40$uhttps://purl.fdlp.gov/GPO/gpo102315
=049  \\$aGPOO
=922  \\$aBatch-processed
=922  \\$aNIST-1$b20180815

