=LDR  01961nam  2200445Ia 45e0
=001  001076522
=003  OCoLC
=005  20180711120949.0
=008  160829s1956\\\\mdu\\\\\ob\\\f000\0\eng\d
=024  8\$aGOVPUB-C13-32bcbd07c51b7b920bcacd7f90de2f1d
=035  \\$a(OCoLC)957470509
=040  \\$aNBS$beng$erda$cNBS$dOCLCO$dOCLCF$dOCLCO$dOCLCQ
=086  0\$aC 13.38:4966
=100  1\$aSchiefer, Herbert F.
=245  10$aReport on international travel to Japan, Australia, India, Pakistan, and Europe to discuss textile research, education, standards, testing methods, processing, and specialized equipment. /$cHerbert F. Schiefer.
=264  \1$aGaithersburg, MD :$bU.S. Dept. of Commerce, National Institute of Standards and Technology,$c1956.
=300  \\$a1 online resource.
=336  \\$atext$btxt$2rdacontent
=337  \\$acomputer$bc$2rdamedia
=338  \\$aonline resource$bcr$2rdacarrier
=490  1\$aNBS report ;$v4966
=500  \\$a1956.
=500  \\$aContributed record: Metadata reviewed, not verified. Some fields updated by batch processes.
=500  \\$aTitle from PDF title page.
=504  \\$aIncludes bibliographical references.
=650  \0$aTextile research.
=650  \0$aTextile fabrics$xStandards.
=650  \0$aTextile fabrics$xTesting.
=650  \7$aTextile fabrics$xStandards.$2fast$0(OCoLC)fst01148688
=650  \7$aTextile fabrics$xTesting.$2fast$0(OCoLC)fst01148697
=650  \7$aTextile research.$2fast$0(OCoLC)fst01148949
=700  1\$aSchiefer, Herbert F.
=710  1\$aUnited States.$bNational Bureau of Standards.
=830  \0$aNBS report ;$v4966.
=856  4\$uhttps://dx.doi.org/10.6028/NBS.RPT.4966
=856  4\$zAddress at time of PURL creation$uhttps://www.govinfo.gov/content/pkg/GOVPUB-C13-32bcbd07c51b7b920bcacd7f90de2f1d/pdf/GOVPUB-C13-32bcbd07c51b7b920bcacd7f90de2f1d.pdf
=856  40$uhttps://purl.fdlp.gov/GPO/gpo96515
=049  \\$aGPOO
=922  \\$aBatch-processed
=922  \\$aNIST-1$b20180815

