=LDR  01759nam  2200433Ia 45e0
=001  001076612
=003  OCoLC
=005  20180711121004.0
=008  161006s1956\\\\mdu\\\\\ob\\\f000\0\eng\d
=024  8\$aGOVPUB-C13-47e6b811696fda8babea47b84b0c8a29
=035  \\$a(OCoLC)959983052
=040  \\$aNBS$beng$erda$cNBS$dOCLCO$dOCLCF$dOCLCQ
=086  0\$aC 13.38:4585
=100  1\$aTaylor, Duane F.
=245  12$aA proposed specification for dental chromium-cobalt casting alloys /$cDuane F. Taylor, W.T. Sweeney.
=264  \1$aGaithersburg, MD :$bU.S. Dept. of Commerce, National Institute of Standards and Technology,$c1956.
=300  \\$a1 online resource.
=336  \\$atext$btxt$2rdacontent
=337  \\$acomputer$bc$2rdamedia
=338  \\$aonline resource$bcr$2rdacarrier
=490  1\$aNBS report ;$v4585
=500  \\$a1956.
=500  \\$aContributed record: Metadata reviewed, not verified. Some fields updated by batch processes.
=500  \\$aTitle from PDF title page.
=504  \\$aIncludes bibliographical references.
=650  \0$aCobalt-chromium-nickel alloys.
=650  \0$aDental casting.
=650  \7$aCobalt-chromium-nickel alloys.$2fast$0(OCoLC)fst00865944
=650  \7$aDental casting.$2fast$0(OCoLC)fst00890434
=700  1\$aSweeney, W. T.
=700  1\$aTaylor, Duane F.
=710  1\$aUnited States.$bNational Bureau of Standards.
=830  \0$aNBS report ;$v4585.
=856  4\$uhttps://dx.doi.org/10.6028/NBS.RPT.4585
=856  4\$zAddress at time of PURL creation$uhttps://www.govinfo.gov/content/pkg/GOVPUB-C13-47e6b811696fda8babea47b84b0c8a29/pdf/GOVPUB-C13-47e6b811696fda8babea47b84b0c8a29.pdf
=856  40$uhttps://purl.fdlp.gov/GPO/gpo97498
=049  \\$aGPOO
=922  \\$aBatch-processed
=922  \\$aNIST-1$b20180815

