=LDR  01693nam  2200385Ia 45e0
=001  001076469
=003  OCoLC
=005  20180711121004.0
=008  161006s1956\\\\mdu\\\\\ob\\\f000\0\eng\d
=024  8\$aGOVPUB-C13-268d1fffea33dc5c574599a5f8aca7d5
=035  \\$a(OCoLC)959983057
=040  \\$aNBS$beng$erda$cNBS$dOCLCO$dOCLCF$dOCLCQ
=086  0\$aC 13.38:4669
=110  1\$aUnited States.$bNational Bureau of Standards.
=245  10$aDevelopment, testing, and evaluation of visual landing aids :$bconsolidated progress report for the period January 1 to March 31, 1956 /$cNational Bureau of Standards.
=264  \1$aGaithersburg, MD :$bU.S. Dept. of Commerce, National Institute of Standards and Technology,$c1956.
=300  \\$a1 online resource.
=336  \\$atext$btxt$2rdacontent
=337  \\$acomputer$bc$2rdamedia
=338  \\$aonline resource$bcr$2rdacarrier
=490  1\$aNBS report ;$v4669
=500  \\$a1956.
=500  \\$aContributed record: Metadata reviewed, not verified. Some fields updated by batch processes.
=500  \\$aTitle from PDF title page.
=504  \\$aIncludes bibliographical references.
=650  \0$aLanding aids (Aeronautics)
=650  \7$aLanding aids (Aeronautics)$2fast$0(OCoLC)fst00991698
=710  1\$aUnited States.$bNational Bureau of Standards.
=830  \0$aNBS report ;$v4669.
=856  4\$uhttps://dx.doi.org/10.6028/NBS.RPT.4669
=856  4\$zAddress at time of PURL creation$uhttps://www.govinfo.gov/content/pkg/GOVPUB-C13-268d1fffea33dc5c574599a5f8aca7d5/pdf/GOVPUB-C13-268d1fffea33dc5c574599a5f8aca7d5.pdf
=856  40$uhttps://purl.fdlp.gov/GPO/gpo95906
=049  \\$aGPOO
=922  \\$aBatch-processed
=922  \\$aNIST-1$b20180815

