=LDR  01707nam  2200385Ia 45e0
=001  001076485
=003  OCoLC
=005  20180711121004.0
=008  161006s1956\\\\mdu\\\\\ob\\\f000\0\eng\d
=024  8\$aGOVPUB-C13-29b10856ff2ab63850d52a8146130e27
=035  \\$a(OCoLC)959983044
=040  \\$aNBS$beng$erda$cNBS$dOCLCO$dOCLCF$dOCLCQ
=086  0\$aC 13.38:4512
=110  1\$aUnited States.$bNational Bureau of Standards.
=245  10$aResearch in applications of mathematical statistics to problems of the chemical corps :$bprogress report for October - December 1956 /$cNational Bureau of Standards.
=264  \1$aGaithersburg, MD :$bU.S. Dept. of Commerce, National Institute of Standards and Technology,$c1956.
=300  \\$a1 online resource.
=336  \\$atext$btxt$2rdacontent
=337  \\$acomputer$bc$2rdamedia
=338  \\$aonline resource$bcr$2rdacarrier
=490  1\$aNBS report ;$v4512
=500  \\$a1956.
=500  \\$aContributed record: Metadata reviewed, not verified. Some fields updated by batch processes.
=500  \\$aTitle from PDF title page.
=504  \\$aIncludes bibliographical references.
=650  \0$aMathematical statistics$xResearch.
=650  \7$aMathematical statistics$xResearch.$2fast$0(OCoLC)fst01012144
=710  1\$aUnited States.$bNational Bureau of Standards.
=830  \0$aNBS report ;$v4512.
=856  4\$uhttps://dx.doi.org/10.6028/NBS.RPT.4512
=856  4\$zAddress at time of PURL creation$uhttps://www.govinfo.gov/content/pkg/GOVPUB-C13-29b10856ff2ab63850d52a8146130e27/pdf/GOVPUB-C13-29b10856ff2ab63850d52a8146130e27.pdf
=856  40$uhttps://purl.fdlp.gov/GPO/gpo96125
=049  \\$aGPOO
=922  \\$aBatch-processed
=922  \\$aNIST-1$b20180815

