=LDR  01543nam  2200361Ia 45e0
=001  001076668
=003  OCoLC
=005  20180711120949.0
=008  160829s1956\\\\mdu\\\\\ob\\\f000\0\eng\d
=024  8\$aGOVPUB-C13-54e9563eb7ef8c46a692519947cd77b8
=035  \\$a(OCoLC)957470519
=040  \\$aNBS$beng$erda$cNBS$dOCLCO$dOCLCQ
=086  0\$aC 13.38:4873
=110  1\$aUnited States.$bNational Bureau of Standards.
=245  12$aA study of child behavior in relation to safety release devices for refrigerators :$bpreliminary report /$cNational Bureau of Standards.
=264  \1$aGaithersburg, MD :$bU.S. Dept. of Commerce, National Institute of Standards and Technology,$c1956.
=300  \\$a1 online resource.
=336  \\$atext$btxt$2rdacontent
=337  \\$acomputer$bc$2rdamedia
=338  \\$aonline resource$bcr$2rdacarrier
=490  1\$aNBS report ;$v4873
=500  \\$a1956.
=500  \\$aContributed record: Metadata reviewed, not verified. Some fields updated by batch processes.
=500  \\$aTitle from PDF title page.
=504  \\$aIncludes bibliographical references.
=710  1\$aUnited States.$bNational Bureau of Standards.
=830  \0$aNBS report ;$v4873.
=856  4\$uhttps://dx.doi.org/10.6028/NBS.RPT.4873
=856  4\$zAddress at time of PURL creation$uhttps://www.govinfo.gov/content/pkg/GOVPUB-C13-54e9563eb7ef8c46a692519947cd77b8/pdf/GOVPUB-C13-54e9563eb7ef8c46a692519947cd77b8.pdf
=856  40$uhttps://purl.fdlp.gov/GPO/gpo97999
=049  \\$aGPOO
=922  \\$aBatch-processed
=922  \\$aNIST-1$b20180815

