=LDR  01882nam  2200421Ia 45e0
=001  001076832
=003  OCoLC
=005  20180711121004.0
=008  161006s1956\\\\mdu\\\\\obs\\f000\0\eng\d
=024  8\$aGOVPUB-C13-81ac524078a85287410d4448fe387f5a
=035  \\$a(OCoLC)959983050
=040  \\$aNBS$beng$erda$cNBS$dOCLCO$dOCLCF$dOCLCQ$dOCLCO
=086  0\$aC 13.38:4571
=110  1\$aUnited States.$bNational Bureau of Standards.
=245  10$aProbabilities of non-penetration and targets downed for constant characteristic kill probability :$bsemi-annual progress report on MIPR 55-2175-SC-91 July 1 to December 31, 1955 /$cNational Bureau of Standards.
=264  \1$aGaithersburg, MD :$bU.S. Dept. of Commerce, National Institute of Standards and Technology,$c1956.
=300  \\$a1 online resource.
=336  \\$atext$btxt$2rdacontent
=337  \\$acomputer$bc$2rdamedia
=338  \\$aonline resource$bcr$2rdacarrier
=490  1\$aNBS report ;$v4571
=500  \\$a1956.
=500  \\$aContributed record: Metadata reviewed, not verified. Some fields updated by batch processes.
=500  \\$aTitle from PDF title page.
=504  \\$aIncludes bibliographical references.
=650  \0$aProbabilities.
=650  \0$aTargets (Shooting)$vStatistics.
=650  \7$aProbabilities.$2fast$0(OCoLC)fst01077737
=650  \7$aTargets (Shooting)$2fast$0(OCoLC)fst01143144
=655  \7$aStatistics.$2fast$0(OCoLC)fst01423727
=710  1\$aUnited States.$bNational Bureau of Standards.
=830  \0$aNBS report ;$v4571.
=856  4\$uhttps://dx.doi.org/10.6028/NBS.RPT.4571
=856  4\$zAddress at time of PURL creation$uhttps://www.govinfo.gov/content/pkg/GOVPUB-C13-81ac524078a85287410d4448fe387f5a/pdf/GOVPUB-C13-81ac524078a85287410d4448fe387f5a.pdf
=856  40$uhttps://purl.fdlp.gov/GPO/gpo99878
=049  \\$aGPOO
=922  \\$aBatch-processed
=922  \\$aNIST-1$b20180815

