=LDR  01697nam  2200421Ia 45e0
=001  001077298
=003  OCoLC
=005  20180711121004.0
=008  161006s1956\\\\mdu\\\\\ob\\\f000\0\eng\d
=024  8\$aGOVPUB-C13-fe52b438781c45b53a1ac8347f090012
=035  \\$a(OCoLC)959983042
=040  \\$aNBS$beng$erda$cNBS$dOCLCO$dOCLCF$dOCLCQ
=086  0\$aC 13.38:4542
=100  1\$aVaughan, Robert T.
=245  10$aCandlepower distribution and color characteristics of a double obstruction light /$cRobert T. Vaughan.
=264  \1$aGaithersburg, MD :$bU.S. Dept. of Commerce, National Institute of Standards and Technology,$c1956.
=300  \\$a1 online resource.
=336  \\$atext$btxt$2rdacontent
=337  \\$acomputer$bc$2rdamedia
=338  \\$aonline resource$bcr$2rdacarrier
=490  1\$aNBS report ;$v4542
=500  \\$a1956.
=500  \\$aContributed record: Metadata reviewed, not verified. Some fields updated by batch processes.
=500  \\$aTitle from PDF title page.
=504  \\$aIncludes bibliographical references.
=650  \0$aAeronautics.
=650  \0$aSignal lights.
=650  \7$aAeronautics.$2fast$0(OCoLC)fst00798293
=650  \7$aSignal lights.$2fast$0(OCoLC)fst01118278
=700  1\$aVaughan, Robert T.
=710  1\$aUnited States.$bNational Bureau of Standards.
=830  \0$aNBS report ;$v4542.
=856  4\$uhttps://dx.doi.org/10.6028/NBS.RPT.4542
=856  4\$zAddress at time of PURL creation$uhttps://www.govinfo.gov/content/pkg/GOVPUB-C13-fe52b438781c45b53a1ac8347f090012/pdf/GOVPUB-C13-fe52b438781c45b53a1ac8347f090012.pdf
=856  40$uhttps://purl.fdlp.gov/GPO/gpo105360
=049  \\$aGPOO
=922  \\$aBatch-processed
=922  \\$aNIST-1$b20180815

