=LDR  01733nam  2200409Ia 45e0
=001  001076613
=003  OCoLC
=005  20180711121004.0
=008  161006s1956\\\\mdu\\\\\ob\\\f000\0\eng\d
=024  8\$aGOVPUB-C13-4831ad88df41aef0f7d7dcea67ccf864
=035  \\$a(OCoLC)959983059
=040  \\$aNBS$beng$erda$cNBS$dOCLCO$dOCLCF$dOCLCQ
=086  0\$aC 13.38:4753
=100  1\$aWilson, S. W.
=245  10$aQualification tests of lamps supplied to the government by ten contractors during first ten months of contract period September 1, 1955 to August 31, 1956 /$cS.W. Wilson, J.E. Jordan.
=264  \1$aGaithersburg, MD :$bU.S. Dept. of Commerce, National Institute of Standards and Technology,$c1956.
=300  \\$a1 online resource.
=336  \\$atext$btxt$2rdacontent
=337  \\$acomputer$bc$2rdamedia
=338  \\$aonline resource$bcr$2rdacarrier
=490  1\$aNBS report ;$v4753
=500  \\$a1956.
=500  \\$aContributed record: Metadata reviewed, not verified. Some fields updated by batch processes.
=500  \\$aTitle from PDF title page.
=504  \\$aIncludes bibliographical references.
=650  \0$aElectric lamps$xTesting.
=650  \7$aElectric lamps$xTesting.$2fast$0(OCoLC)fst00905046
=700  1\$aJordan, J. E.
=700  1\$aWilson, S. W.
=710  1\$aUnited States.$bNational Bureau of Standards.
=830  \0$aNBS report ;$v4753.
=856  4\$uhttps://dx.doi.org/10.6028/NBS.RPT.4753
=856  4\$zAddress at time of PURL creation$uhttps://www.govinfo.gov/content/pkg/GOVPUB-C13-4831ad88df41aef0f7d7dcea67ccf864/pdf/GOVPUB-C13-4831ad88df41aef0f7d7dcea67ccf864.pdf
=856  40$uhttps://purl.fdlp.gov/GPO/gpo97511
=049  \\$aGPOO
=922  \\$aBatch-processed
=922  \\$aNIST-1$b20180815

