=LDR  01785nam  2200433Ia 45e0
=001  001076739
=003  OCoLC
=005  20180711120949.0
=008  160829s1957\\\\mdu\\\\\ob\\\f000\0\eng\d
=024  8\$aGOVPUB-C13-677da2b85cb7a145918f8789c92872f6
=035  \\$a(OCoLC)957470534
=040  \\$aNBS$beng$erda$cNBS$dOCLCO$dOCLCQ$dOCLCF
=086  0\$aC 13.38:5414
=100  1\$aBryson, James.
=245  10$aWater permeability tests of three transparent waterproofing materials applied to concrete masonry walls /$cJames O. Bryson, L.R. Kleinschmidt, H.R. Snoke.
=264  \1$aGaithersburg, MD :$bU.S. Dept. of Commerce, National Institute of Standards and Technology,$c1957.
=300  \\$a1 online resource.
=336  \\$atext$btxt$2rdacontent
=337  \\$acomputer$bc$2rdamedia
=338  \\$aonline resource$bcr$2rdacarrier
=490  1\$aNBS report ;$v5414
=500  \\$a1957.
=500  \\$aContributed record: Metadata reviewed, not verified. Some fields updated by batch processes.
=500  \\$aTitle from PDF title page.
=504  \\$aIncludes bibliographical references.
=650  \0$aCoatings$xPermeability.
=650  \0$aConcrete masonry$xTesting.
=650  \7$aConcrete masonry$xTesting.$2fast$0(OCoLC)fst00874330
=700  1\$aBryson, James.
=700  1\$aKleinschmidt, L. R.
=700  1\$aSnoke, H. R.
=710  1\$aUnited States.$bNational Bureau of Standards.
=830  \0$aNBS report ;$v5414.
=856  4\$uhttps://dx.doi.org/10.6028/NBS.RPT.5414
=856  4\$zAddress at time of PURL creation$uhttps://www.govinfo.gov/content/pkg/GOVPUB-C13-677da2b85cb7a145918f8789c92872f6/pdf/GOVPUB-C13-677da2b85cb7a145918f8789c92872f6.pdf
=856  40$uhttps://purl.fdlp.gov/GPO/gpo98848
=049  \\$aGPOO
=922  \\$aBatch-processed
=922  \\$aNIST-1$b20180815

