=LDR  01661nam  2200421Ia 45e0
=001  001076893
=003  OCoLC
=005  20180711120950.0
=008  160829s1957\\\\mdu\\\\\ob\\\f000\0\eng\d
=024  8\$aGOVPUB-C13-933f7be3180de925ed0be8f1fb5223a8
=035  \\$a(OCoLC)957470551
=040  \\$aNBS$beng$erda$cNBS$dOCLCO$dOCLCQ$dOCLCF
=086  0\$aC 13.38:5631
=100  1\$aCole, Selden D.
=245  10$aSimulated field tests of Durant insulated pipe /$cSelden D. Cole, P.R. Achenbach.
=264  \1$aGaithersburg, MD :$bU.S. Dept. of Commerce, National Institute of Standards and Technology,$c1957.
=300  \\$a1 online resource.
=336  \\$atext$btxt$2rdacontent
=337  \\$acomputer$bc$2rdamedia
=338  \\$aonline resource$bcr$2rdacarrier
=490  1\$aNBS report ;$v5631
=500  \\$a1957.
=500  \\$aContributed record: Metadata reviewed, not verified. Some fields updated by batch processes.
=500  \\$aTitle from PDF title page.
=504  \\$aIncludes bibliographical references.
=650  \0$aInsulation.
=650  \0$aSteam-pipes$xTesting.
=650  \7$aSteam-pipes$xTesting.$2fast$0(OCoLC)fst01132390
=700  1\$aAchenbach, P. R.
=700  1\$aCole, Selden D.
=710  1\$aUnited States.$bNational Bureau of Standards.
=830  \0$aNBS report ;$v5631.
=856  4\$uhttps://dx.doi.org/10.6028/NBS.RPT.5631
=856  4\$zAddress at time of PURL creation$uhttps://www.govinfo.gov/content/pkg/GOVPUB-C13-933f7be3180de925ed0be8f1fb5223a8/pdf/GOVPUB-C13-933f7be3180de925ed0be8f1fb5223a8.pdf
=856  40$uhttps://purl.fdlp.gov/GPO/gpo100746
=049  \\$aGPOO
=922  \\$aBatch-processed
=922  \\$aNIST-1$b20180815

