=LDR  01577nam  2200397Ia 45e0
=001  001077091
=003  OCoLC
=005  20180711120949.0
=008  160829s1957\\\\mdu\\\\\ob\\\f000\0\eng\d
=024  8\$aGOVPUB-C13-c8af589e6c602d134e1cad062d37d10a
=035  \\$a(OCoLC)957470526
=040  \\$aNBS$beng$erda$cNBS$dOCLCO$dOCLCQ
=086  0\$aC 13.38:5422
=100  1\$aCullen, W. C.
=245  10$aProject 4847 standards for built-up roofs :$binterim report /$cW.C. Cullen, L.R. Kleinschmidt, H.R. Snoke.
=264  \1$aGaithersburg, MD :$bU.S. Dept. of Commerce, National Institute of Standards and Technology,$c1957.
=300  \\$a1 online resource.
=336  \\$atext$btxt$2rdacontent
=337  \\$acomputer$bc$2rdamedia
=338  \\$aonline resource$bcr$2rdacarrier
=490  1\$aNBS report ;$v5422
=500  \\$a1957.
=500  \\$aContributed record: Metadata reviewed, not verified. Some fields updated by batch processes.
=500  \\$aTitle from PDF title page.
=504  \\$aIncludes bibliographical references.
=700  1\$aCullen, W. C.
=700  1\$aKleinschmidt, L. R.
=700  1\$aSnoke, H. R.
=710  1\$aUnited States.$bNational Bureau of Standards.
=830  \0$aNBS report ;$v5422.
=856  4\$uhttps://dx.doi.org/10.6028/NBS.RPT.5422
=856  4\$zAddress at time of PURL creation$uhttps://www.govinfo.gov/content/pkg/GOVPUB-C13-c8af589e6c602d134e1cad062d37d10a/pdf/GOVPUB-C13-c8af589e6c602d134e1cad062d37d10a.pdf
=856  40$uhttps://purl.fdlp.gov/GPO/gpo102917
=049  \\$aGPOO
=922  \\$aBatch-processed
=922  \\$aNIST-1$b20180815

