=LDR  01633nam  2200397Ia 45e0
=001  001076514
=003  OCoLC
=005  20180711120946.0
=008  160829s1957\\\\mdu\\\\\ob\\\f000\0\eng\d
=024  8\$aGOVPUB-C13-30dee95697a8c6b672deb0c0e9595c4a
=035  \\$a(OCoLC)957470410
=040  \\$aNBS$beng$erda$cNBS$dOCLCO$dOCLCF$dOCLCQ
=086  0\$aC 13.38:5148
=100  1\$aCullen, William C.
=245  10$aSimulated performance tests of additional bituminous protected metals /$cWilliam C. Cullen.
=264  \1$aGaithersburg, MD :$bU.S. Dept. of Commerce, National Institute of Standards and Technology,$c1957.
=300  \\$a1 online resource.
=336  \\$atext$btxt$2rdacontent
=337  \\$acomputer$bc$2rdamedia
=338  \\$aonline resource$bcr$2rdacarrier
=490  1\$aNBS report ;$v5148
=500  \\$a1957.
=500  \\$aContributed record: Metadata reviewed, not verified. Some fields updated by batch processes.
=500  \\$aTitle from PDF title page.
=504  \\$aIncludes bibliographical references.
=650  \0$aCorrosion and anti-corrosives.
=650  \7$aCorrosion and anti-corrosives.$2fast$0(OCoLC)fst00880341
=700  1\$aCullen, William C.
=710  1\$aUnited States.$bNational Bureau of Standards.
=830  \0$aNBS report ;$v5148.
=856  4\$uhttps://dx.doi.org/10.6028/NBS.RPT.5148
=856  4\$zAddress at time of PURL creation$uhttps://www.govinfo.gov/content/pkg/GOVPUB-C13-30dee95697a8c6b672deb0c0e9595c4a/pdf/GOVPUB-C13-30dee95697a8c6b672deb0c0e9595c4a.pdf
=856  40$uhttps://purl.fdlp.gov/GPO/gpo96451
=049  \\$aGPOO
=922  \\$aBatch-processed
=922  \\$aNIST-1$b20180815

