=LDR  01948nam  2200457Ia 45e0
=001  001076403
=003  OCoLC
=005  20180711120948.0
=008  160829s1957\\\\mdu\\\\\ob\\\f000\0\eng\d
=024  8\$aGOVPUB-C13-16e6dc0a954b8dad11c7854a6bc10599
=035  \\$a(OCoLC)957470463
=040  \\$aNBS$beng$erda$cNBS$dOCLCO$dOCLCF$dOCLCQ
=086  0\$aC 13.38:5224
=100  1\$aGreenfeld, Sidney H.
=245  10$aStain indices of twenty-one asphalts :$bfirst supplement to NBS Report no. 4732 report on the evaluation of twenty-one coating-grade roofing asphalts /$cSidney H. Greenfeld, Shigeru Ishihara.
=264  \1$aGaithersburg, MD :$bU.S. Dept. of Commerce, National Institute of Standards and Technology,$c1957.
=300  \\$a1 online resource.
=336  \\$atext$btxt$2rdacontent
=337  \\$acomputer$bc$2rdamedia
=338  \\$aonline resource$bcr$2rdacarrier
=490  1\$aNBS report ;$v5224
=500  \\$a1957.
=500  \\$aContributed record: Metadata reviewed, not verified. Some fields updated by batch processes.
=500  \\$aTitle from PDF title page.
=504  \\$aIncludes bibliographical references.
=650  \0$aCoatings$xTesting.
=650  \0$aRoofing, Bituminous$xTesting.
=650  \0$aWeathering.
=650  \7$aCoatings$xTesting.$2fast$0(OCoLC)fst00865873
=650  \7$aRoofing, Bituminous$xTesting.$2fast$0(OCoLC)fst01100301
=650  \7$aWeathering.$2fast$0(OCoLC)fst01173186
=700  1\$aGreenfeld, Sidney H.
=700  1\$aIshihara, Shigeru.
=710  1\$aUnited States.$bNational Bureau of Standards.
=830  \0$aNBS report ;$v5224.
=856  4\$uhttps://dx.doi.org/10.6028/NBS.RPT.5224
=856  4\$zAddress at time of PURL creation$uhttps://www.govinfo.gov/content/pkg/GOVPUB-C13-16e6dc0a954b8dad11c7854a6bc10599/pdf/GOVPUB-C13-16e6dc0a954b8dad11c7854a6bc10599.pdf
=856  40$uhttps://purl.fdlp.gov/GPO/gpo95405
=049  \\$aGPOO
=922  \\$aBatch-processed
=922  \\$aNIST-1$b20180815

