=LDR  01610nam  2200397Ia 45e0
=001  001077184
=003  OCoLC
=005  20180711120950.0
=008  160829s1957\\\\mdu\\\\\ob\\\f000\0\eng\d
=024  8\$aGOVPUB-C13-dd14621e54fe8893d6a91c919f8c2b45
=035  \\$a(OCoLC)957470545
=040  \\$aNBS$beng$erda$cNBS$dOCLCO$dOCLCQ
=086  0\$aC 13.38:5436
=100  1\$aGreenfeld, Sidney H.
=245  10$aSeparation of the water-soluble degradation products of asphalt /$cSidney H. Greenfeld, John P. Falzone, Shigeru Ishihara.
=264  \1$aGaithersburg, MD :$bU.S. Dept. of Commerce, National Institute of Standards and Technology,$c1957.
=300  \\$a1 online resource.
=336  \\$atext$btxt$2rdacontent
=337  \\$acomputer$bc$2rdamedia
=338  \\$aonline resource$bcr$2rdacarrier
=490  1\$aNBS report ;$v5436
=500  \\$a1957.
=500  \\$aContributed record: Metadata reviewed, not verified. Some fields updated by batch processes.
=500  \\$aTitle from PDF title page.
=504  \\$aIncludes bibliographical references.
=700  1\$aFalzone, John P.
=700  1\$aGreenfeld, Sidney H.
=700  1\$aIshihara, Shigeru.
=710  1\$aUnited States.$bNational Bureau of Standards.
=830  \0$aNBS report ;$v5436.
=856  4\$uhttps://dx.doi.org/10.6028/NBS.RPT.5436
=856  4\$zAddress at time of PURL creation$uhttps://www.govinfo.gov/content/pkg/GOVPUB-C13-dd14621e54fe8893d6a91c919f8c2b45/pdf/GOVPUB-C13-dd14621e54fe8893d6a91c919f8c2b45.pdf
=856  40$uhttps://purl.fdlp.gov/GPO/gpo103990
=049  \\$aGPOO
=922  \\$aBatch-processed
=922  \\$aNIST-1$b20180815

