=LDR  01718nam  2200433Ia 45e0
=001  001076881
=003  OCoLC
=005  20180711120949.0
=008  160829s1957\\\\mdu\\\\\ob\\\f000\0\eng\d
=024  8\$aGOVPUB-C13-916ecbe8d9698596d48a8ffd155efee6
=035  \\$a(OCoLC)957470495
=040  \\$aNBS$beng$erda$cNBS$dOCLCO$dOCLCF$dOCLCQ
=086  0\$aC 13.38:4998
=100  1\$aHockman, Arthur.
=245  12$aA study of the properties of the U.S. Capitol sandstone /$cArthur Hockman, D.W. Kessler.
=264  \1$aGaithersburg, MD :$bU.S. Dept. of Commerce, National Institute of Standards and Technology,$c1957.
=300  \\$a1 online resource.
=336  \\$atext$btxt$2rdacontent
=337  \\$acomputer$bc$2rdamedia
=338  \\$aonline resource$bcr$2rdacarrier
=490  1\$aNBS report ;$v4998
=500  \\$a1957.
=500  \\$aContributed record: Metadata reviewed, not verified. Some fields updated by batch processes.
=500  \\$aTitle from PDF title page.
=504  \\$aIncludes bibliographical references.
=650  \0$aSandstone$xTesting.
=650  \0$aWeathering.
=650  \7$aSandstone$xTesting.$2fast$0(OCoLC)fst01104951
=650  \7$aWeathering.$2fast$0(OCoLC)fst01173186
=700  1\$aHockman, Arthur.
=700  1\$aKessler, D. W.
=710  1\$aUnited States.$bNational Bureau of Standards.
=830  \0$aNBS report ;$v4998.
=856  4\$uhttps://dx.doi.org/10.6028/NBS.RPT.4998
=856  4\$zAddress at time of PURL creation$uhttps://www.govinfo.gov/content/pkg/GOVPUB-C13-916ecbe8d9698596d48a8ffd155efee6/pdf/GOVPUB-C13-916ecbe8d9698596d48a8ffd155efee6.pdf
=856  40$uhttps://purl.fdlp.gov/GPO/gpo100672
=049  \\$aGPOO
=922  \\$aBatch-processed
=922  \\$aNIST-1$b20180815

