=LDR  01643nam  2200409Ia 45e0
=001  001076576
=003  OCoLC
=005  20180711120949.0
=008  160829s1957\\\\mdu\\\\\ob\\\f000\0\eng\d
=024  8\$aGOVPUB-C13-412ea19509a23cb2c5ee91fdfe3e13b8
=035  \\$a(OCoLC)957470524
=040  \\$aNBS$beng$erda$cNBS$dOCLCO$dOCLCQ$dOCLCF
=086  0\$aC 13.38:5314
=100  1\$aKirstein, Arthur F.
=245  10$aTest of a prestressed cellular slab /$cArthur F. Kirstein.
=264  \1$aGaithersburg, MD :$bU.S. Dept. of Commerce, National Institute of Standards and Technology,$c1957.
=300  \\$a1 online resource.
=336  \\$atext$btxt$2rdacontent
=337  \\$acomputer$bc$2rdamedia
=338  \\$aonline resource$bcr$2rdacarrier
=490  1\$aNBS report ;$v5314
=500  \\$a1957.
=500  \\$aContributed record: Metadata reviewed, not verified. Some fields updated by batch processes.
=500  \\$aTitle from PDF title page.
=504  \\$aIncludes bibliographical references.
=650  \0$aConcrete beams$xCompression testing.
=650  \0$aConcrete slabs$xTesting.
=650  \7$aConcrete slabs$xTesting.$2fast$0(OCoLC)fst00874402
=700  1\$aKirstein, Arthur F.
=710  1\$aUnited States.$bNational Bureau of Standards.
=830  \0$aNBS report ;$v5314.
=856  4\$uhttps://dx.doi.org/10.6028/NBS.RPT.5314
=856  4\$zAddress at time of PURL creation$uhttps://www.govinfo.gov/content/pkg/GOVPUB-C13-412ea19509a23cb2c5ee91fdfe3e13b8/pdf/GOVPUB-C13-412ea19509a23cb2c5ee91fdfe3e13b8.pdf
=856  40$uhttps://purl.fdlp.gov/GPO/gpo97108
=049  \\$aGPOO
=922  \\$aBatch-processed
=922  \\$aNIST-1$b20180815

