=LDR  01670nam  2200409Ia 45e0
=001  001076669
=003  OCoLC
=005  20180711120934.0
=008  160829s1957\\\\mdu\\\\\ob\\\f000\0\eng\d
=024  8\$aGOVPUB-C13-5563565e9705e4a0c1cf016d53fcf9fe
=035  \\$a(OCoLC)957470513
=040  \\$aNBS$beng$erda$cNBS$dOCLCO$dOCLCQ$dOCLCF
=086  0\$aC 13.38:5714
=100  1\$aKirstein, Arthur F.
=245  10$aTests of prestressed cellular slabs (Slabs Nos. 20 through 27) /$cArthur F. Kirstein.
=264  \1$aGaithersburg, MD :$bU.S. Dept. of Commerce, National Institute of Standards and Technology,$c1957.
=300  \\$a1 online resource.
=336  \\$atext$btxt$2rdacontent
=337  \\$acomputer$bc$2rdamedia
=338  \\$aonline resource$bcr$2rdacarrier
=490  1\$aNBS report ;$v5714
=500  \\$a1957.
=500  \\$aContributed record: Metadata reviewed, not verified. Some fields updated by batch processes.
=500  \\$aTitle from PDF title page.
=504  \\$aIncludes bibliographical references.
=650  \0$aConcrete slabs$xCompression testing.
=650  \0$aConcrete slabs$xTesting.
=650  \7$aConcrete slabs$xTesting.$2fast$0(OCoLC)fst00874402
=700  1\$aKirstein, Arthur F.
=710  1\$aUnited States.$bNational Bureau of Standards.
=830  \0$aNBS report ;$v5714.
=856  4\$uhttps://dx.doi.org/10.6028/NBS.RPT.5714
=856  4\$zAddress at time of PURL creation$uhttps://www.govinfo.gov/content/pkg/GOVPUB-C13-5563565e9705e4a0c1cf016d53fcf9fe/pdf/GOVPUB-C13-5563565e9705e4a0c1cf016d53fcf9fe.pdf
=856  40$uhttps://purl.fdlp.gov/GPO/gpo98016
=049  \\$aGPOO
=922  \\$aBatch-processed
=922  \\$aNIST-1$b20180815

