=LDR  01605nam  2200397Ia 45e0
=001  001077163
=003  OCoLC
=005  20180711120934.0
=008  160829s1957\\\\mdu\\\\\ob\\\f000\0\eng\d
=024  8\$aGOVPUB-C13-d92afbc4bb070bdd2e5a9b652fbf5896
=035  \\$a(OCoLC)957470521
=040  \\$aNBS$beng$erda$cNBS$dOCLCO$dOCLCQ
=086  0\$aC 13.38:5212
=100  1\$aKirstein, Arthur F.
=245  10$aTests of prestressed cellular slabs (Slabs Nos. 10 through 19) /$cArthur F. Kirstein, Michael Chi.
=264  \1$aGaithersburg, MD :$bU.S. Dept. of Commerce, National Institute of Standards and Technology,$c1957.
=300  \\$a1 online resource.
=336  \\$atext$btxt$2rdacontent
=337  \\$acomputer$bc$2rdamedia
=338  \\$aonline resource$bcr$2rdacarrier
=490  1\$aNBS report ;$v5212
=500  \\$a1957.
=500  \\$aContributed record: Metadata reviewed, not verified. Some fields updated by batch processes.
=500  \\$aTitle from PDF title page.
=504  \\$aIncludes bibliographical references.
=650  \0$aLightweight concrete$xCompression testing.
=700  1\$aChi, Michael.
=700  1\$aKirstein, Arthur F.
=710  1\$aUnited States.$bNational Bureau of Standards.
=830  \0$aNBS report ;$v5212.
=856  4\$uhttps://dx.doi.org/10.6028/NBS.RPT.5212
=856  4\$zAddress at time of PURL creation$uhttps://www.govinfo.gov/content/pkg/GOVPUB-C13-d92afbc4bb070bdd2e5a9b652fbf5896/pdf/GOVPUB-C13-d92afbc4bb070bdd2e5a9b652fbf5896.pdf
=856  40$uhttps://purl.fdlp.gov/GPO/gpo103795
=049  \\$aGPOO
=922  \\$aBatch-processed
=922  \\$aNIST-1$b20180815

