=LDR  01641nam  2200397Ia 45e0
=001  001076781
=003  OCoLC
=005  20180711120939.0
=008  160829s1957\\\\mdu\\\\\ob\\\f000\0\eng\d
=024  8\$aGOVPUB-C13-73c9ba263ecbfe9a966423b10c0f9bb0
=035  \\$a(OCoLC)957469989
=040  \\$aNBS$beng$erda$cNBS$dOCLCO$dOCLCF$dOCLCQ
=086  0\$aC 13.38:5268
=100  1\$aLee, T. G.
=245  14$aThe observed nature of ignition and burning of two solid propellants at pressures below one atmosphere /$cT.G. Lee.
=264  \1$aGaithersburg, MD :$bU.S. Dept. of Commerce, National Institute of Standards and Technology,$c1957.
=300  \\$a1 online resource.
=336  \\$atext$btxt$2rdacontent
=337  \\$acomputer$bc$2rdamedia
=338  \\$aonline resource$bcr$2rdacarrier
=490  1\$aNBS report ;$v5268
=500  \\$a1957.
=500  \\$aContributed record: Metadata reviewed, not verified. Some fields updated by batch processes.
=500  \\$aTitle from PDF title page.
=504  \\$aIncludes bibliographical references.
=650  \0$aSolid propellants$xCombustion.
=650  \7$aSolid propellants$xCombustion.$2fast$0(OCoLC)fst01125435
=700  1\$aLee, T. G.
=710  1\$aUnited States.$bNational Bureau of Standards.
=830  \0$aNBS report ;$v5268.
=856  4\$uhttps://dx.doi.org/10.6028/NBS.RPT.5268
=856  4\$zAddress at time of PURL creation$uhttps://www.govinfo.gov/content/pkg/GOVPUB-C13-73c9ba263ecbfe9a966423b10c0f9bb0/pdf/GOVPUB-C13-73c9ba263ecbfe9a966423b10c0f9bb0.pdf
=856  40$uhttps://purl.fdlp.gov/GPO/gpo99325
=049  \\$aGPOO
=922  \\$aBatch-processed
=922  \\$aNIST-1$b20180815

