=LDR  01605nam  2200397Ia 45e0
=001  001076983
=003  OCoLC
=005  20180711120939.0
=008  160829s1957\\\\mdu\\\\\ob\\\f000\0\eng\d
=024  8\$aGOVPUB-C13-af5da964ef13d8f505ad557180552592
=035  \\$a(OCoLC)957469990
=040  \\$aNBS$beng$erda$cNBS$dOCLCO$dOCLCF$dOCLCQ
=086  0\$aC 13.38:5280
=100  1\$aLoftus, Joseph.
=245  10$aSelf-heating characteristics of a solid propellant /$cJoseph Loftus.
=264  \1$aGaithersburg, MD :$bU.S. Dept. of Commerce, National Institute of Standards and Technology,$c1957.
=300  \\$a1 online resource.
=336  \\$atext$btxt$2rdacontent
=337  \\$acomputer$bc$2rdamedia
=338  \\$aonline resource$bcr$2rdacarrier
=490  1\$aNBS report ;$v5280
=500  \\$a1957.
=500  \\$aContributed record: Metadata reviewed, not verified. Some fields updated by batch processes.
=500  \\$aTitle from PDF title page.
=504  \\$aIncludes bibliographical references.
=650  \0$aSolid propellants$xCombustion.
=650  \7$aSolid propellants$xCombustion.$2fast$0(OCoLC)fst01125435
=700  1\$aLoftus, Joseph.
=710  1\$aUnited States.$bNational Bureau of Standards.
=830  \0$aNBS report ;$v5280.
=856  4\$uhttps://dx.doi.org/10.6028/NBS.RPT.5280
=856  4\$zAddress at time of PURL creation$uhttps://www.govinfo.gov/content/pkg/GOVPUB-C13-af5da964ef13d8f505ad557180552592/pdf/GOVPUB-C13-af5da964ef13d8f505ad557180552592.pdf
=856  40$uhttps://purl.fdlp.gov/GPO/gpo101856
=049  \\$aGPOO
=922  \\$aBatch-processed
=922  \\$aNIST-1$b20180815

