=LDR  01629nam  2200397Ia 45e0
=001  001076656
=003  OCoLC
=005  20180711120949.0
=008  160829s1957\\\\mdu\\\\\ob\\\f000\0\eng\d
=024  8\$aGOVPUB-C13-531a3affa849b4b9befda3f7c9e1776b
=035  \\$a(OCoLC)957470498
=040  \\$aNBS$beng$erda$cNBS$dOCLCO$dOCLCQ$dOCLCF
=086  0\$aC 13.38:5461
=100  1\$aMcCamy, C. S.
=245  12$aA glossary of terms applicable in the science of fire protection /$cC.S. McCamy.
=264  \1$aGaithersburg, MD :$bU.S. Dept. of Commerce, National Institute of Standards and Technology,$c1957.
=300  \\$a1 online resource.
=336  \\$atext$btxt$2rdacontent
=337  \\$acomputer$bc$2rdamedia
=338  \\$aonline resource$bcr$2rdacarrier
=490  1\$aNBS report ;$v5461
=500  \\$a1957.
=500  \\$aContributed record: Metadata reviewed, not verified. Some fields updated by batch processes.
=500  \\$aTitle from PDF title page.
=504  \\$aIncludes bibliographical references.
=650  \0$aFire extinction$vGlossaries, vocabularies, etc.
=655  \7$aGlossaries, vocabularies, etc.$2fast$0(OCoLC)fst01423786
=700  1\$aMcCamy, C. S.
=710  1\$aUnited States.$bNational Bureau of Standards.
=830  \0$aNBS report ;$v5461.
=856  4\$uhttps://dx.doi.org/10.6028/NBS.RPT.5461
=856  4\$zAddress at time of PURL creation$uhttps://www.govinfo.gov/content/pkg/GOVPUB-C13-531a3affa849b4b9befda3f7c9e1776b/pdf/GOVPUB-C13-531a3affa849b4b9befda3f7c9e1776b.pdf
=856  40$uhttps://purl.fdlp.gov/GPO/gpo97936
=049  \\$aGPOO
=922  \\$aBatch-processed
=922  \\$aNIST-1$b20180815

