=LDR  01707nam  2200433Ia 45e0
=001  001077023
=003  OCoLC
=005  20180711120949.0
=008  160829s1957\\\\mdu\\\\\ob\\\f000\0\eng\d
=024  8\$aGOVPUB-C13-b7cb8621de0ce69618721dcfb504ee69
=035  \\$a(OCoLC)957470527
=040  \\$aNBS$beng$erda$cNBS$dOCLCO$dOCLCF$dOCLCQ
=086  0\$aC 13.38:5424
=100  1\$aMcCamy, C. S.
=245  12$aA method of measuring the dispersibility of light colored powders /$cC.S. McCamy, T.G. Lee.
=264  \1$aGaithersburg, MD :$bU.S. Dept. of Commerce, National Institute of Standards and Technology,$c1957.
=300  \\$a1 online resource.
=336  \\$atext$btxt$2rdacontent
=337  \\$acomputer$bc$2rdamedia
=338  \\$aonline resource$bcr$2rdacarrier
=490  1\$aNBS report ;$v5424
=500  \\$a1957.
=500  \\$aContributed record: Metadata reviewed, not verified. Some fields updated by batch processes.
=500  \\$aTitle from PDF title page.
=504  \\$aIncludes bibliographical references.
=650  \0$aDispersion.
=650  \0$aPowders$xTesting.
=650  \7$aDispersion.$2fast$0(OCoLC)fst00895305
=650  \7$aPowders$xTesting.$2fast$0(OCoLC)fst01074185
=700  1\$aLee, T. G.
=700  1\$aMcCamy, C. S.
=710  1\$aUnited States.$bNational Bureau of Standards.
=830  \0$aNBS report ;$v5424.
=856  4\$uhttps://dx.doi.org/10.6028/NBS.RPT.5424
=856  4\$zAddress at time of PURL creation$uhttps://www.govinfo.gov/content/pkg/GOVPUB-C13-b7cb8621de0ce69618721dcfb504ee69/pdf/GOVPUB-C13-b7cb8621de0ce69618721dcfb504ee69.pdf
=856  40$uhttps://purl.fdlp.gov/GPO/gpo102215
=049  \\$aGPOO
=922  \\$aBatch-processed
=922  \\$aNIST-1$b20180815

