=LDR  01685nam  2200421Ia 45e0
=001  001076715
=003  OCoLC
=005  20180711120950.0
=008  160829s1957\\\\mdu\\\\\ob\\\f000\0\eng\d
=024  8\$aGOVPUB-C13-619622b000ad228e095a58b96fb782ec
=035  \\$a(OCoLC)957470553
=040  \\$aNBS$beng$erda$cNBS$dOCLCO$dOCLCQ$dOCLCF
=086  0\$aC 13.38:5704
=100  1\$aMathey, Robert G.
=245  10$aFlexural tests of beams with reinforcement of different properties /$cRobert G. Mathey, D. Watstein.
=264  \1$aGaithersburg, MD :$bU.S. Dept. of Commerce, National Institute of Standards and Technology,$c1957.
=300  \\$a1 online resource.
=336  \\$atext$btxt$2rdacontent
=337  \\$acomputer$bc$2rdamedia
=338  \\$aonline resource$bcr$2rdacarrier
=490  1\$aNBS report ;$v5704
=500  \\$a1957.
=500  \\$aContributed record: Metadata reviewed, not verified. Some fields updated by batch processes.
=500  \\$aTitle from PDF title page.
=504  \\$aIncludes bibliographical references.
=650  \0$aSteel$xTesting.
=650  \0$aStrength of materials$xSteel.
=650  \7$aSteel$xTesting.$2fast$0(OCoLC)fst01132554
=700  1\$aMathey, Robert G.
=700  1\$aWatstein, D.
=710  1\$aUnited States.$bNational Bureau of Standards.
=830  \0$aNBS report ;$v5704.
=856  4\$uhttps://dx.doi.org/10.6028/NBS.RPT.5704
=856  4\$zAddress at time of PURL creation$uhttps://www.govinfo.gov/content/pkg/GOVPUB-C13-619622b000ad228e095a58b96fb782ec/pdf/GOVPUB-C13-619622b000ad228e095a58b96fb782ec.pdf
=856  40$uhttps://purl.fdlp.gov/GPO/gpo98627
=049  \\$aGPOO
=922  \\$aBatch-processed
=922  \\$aNIST-1$b20180815

