=LDR  01678nam  2200409Ia 45e0
=001  001076713
=003  OCoLC
=005  20180711120939.0
=008  160829s1957\\\\mdu\\\\\ob\\\f000\0\eng\d
=024  8\$aGOVPUB-C13-6172a842ba456710ea54475a0d2a7e03
=035  \\$a(OCoLC)957469974
=040  \\$aNBS$beng$erda$cNBS$dOCLCO$dOCLCQ
=086  0\$aC 13.38:5123
=100  1\$aPendergast, W. L.
=245  10$aEvaluation of refractory qualities of concretes for jet aircraft warm-up, power check, maintenance aprons, and runways /$cW.L. Pendergast, E.C. Tuma, L.E. Mong, R.A. Clevenger.
=264  \1$aGaithersburg, MD :$bU.S. Dept. of Commerce, National Institute of Standards and Technology,$c1957.
=300  \\$a1 online resource.
=336  \\$atext$btxt$2rdacontent
=337  \\$acomputer$bc$2rdamedia
=338  \\$aonline resource$bcr$2rdacarrier
=490  1\$aNBS report ;$v5123
=500  \\$a1957.
=500  \\$aContributed record: Metadata reviewed, not verified. Some fields updated by batch processes.
=500  \\$aTitle from PDF title page.
=504  \\$aIncludes bibliographical references.
=700  1\$aClevenger, R. A.
=700  1\$aMong, L. E.
=700  1\$aPendergast, W. L.
=700  1\$aTuma, E. C.
=710  1\$aUnited States.$bNational Bureau of Standards.
=830  \0$aNBS report ;$v5123.
=856  4\$uhttps://dx.doi.org/10.6028/NBS.RPT.5123
=856  4\$zAddress at time of PURL creation$uhttps://www.govinfo.gov/content/pkg/GOVPUB-C13-6172a842ba456710ea54475a0d2a7e03/pdf/GOVPUB-C13-6172a842ba456710ea54475a0d2a7e03.pdf
=856  40$uhttps://purl.fdlp.gov/GPO/gpo98620
=049  \\$aGPOO
=922  \\$aBatch-processed
=922  \\$aNIST-1$b20180815

