=LDR  01677nam  2200397Ia 45e0
=001  001076869
=003  OCoLC
=005  20180711120949.0
=008  160829s1957\\\\mdu\\\\\ob\\\f000\0\eng\d
=024  8\$aGOVPUB-C13-8cb54278361932756f4660ade4b4d256
=035  \\$a(OCoLC)957470522
=040  \\$aNBS$beng$erda$cNBS$dOCLCO$dOCLCQ
=086  0\$aC 13.38:5310
=100  1\$aPhillips, C. W.$q(Clinton Woodward),$d1919-
=245  12$aA study of the temperature changes in a Nike installation during simulated missile-launching operations /$cC.W. Phillips, P.R. Achenbach, B.A. Peavy.
=264  \1$aGaithersburg, MD :$bU.S. Dept. of Commerce, National Institute of Standards and Technology,$c1957.
=300  \\$a1 online resource.
=336  \\$atext$btxt$2rdacontent
=337  \\$acomputer$bc$2rdamedia
=338  \\$aonline resource$bcr$2rdacarrier
=490  1\$aNBS report ;$v5310
=500  \\$a1957.
=500  \\$aContributed record: Metadata reviewed, not verified. Some fields updated by batch processes.
=500  \\$aTitle from PDF title page.
=504  \\$aIncludes bibliographical references.
=700  1\$aAchenbach, P. R.
=700  1\$aPeavy, B. A.
=700  1\$aPhillips, C. W.$q(Clinton Woodward),$d1919-
=710  1\$aUnited States.$bNational Bureau of Standards.
=830  \0$aNBS report ;$v5310.
=856  4\$uhttps://dx.doi.org/10.6028/NBS.RPT.5310
=856  4\$zAddress at time of PURL creation$uhttps://www.govinfo.gov/content/pkg/GOVPUB-C13-8cb54278361932756f4660ade4b4d256/pdf/GOVPUB-C13-8cb54278361932756f4660ade4b4d256.pdf
=856  40$uhttps://purl.fdlp.gov/GPO/gpo100491
=049  \\$aGPOO
=922  \\$aBatch-processed
=922  \\$aNIST-1$b20180815

