=LDR  01787nam  2200409Ia 45e0
=001  001076870
=003  OCoLC
=005  20180711120948.0
=008  160829s1957\\\\mdu\\\\\ob\\\f000\0\eng\d
=024  8\$aGOVPUB-C13-8dc97b16cb20c1be6053ff0cb061e65d
=035  \\$a(OCoLC)957470466
=040  \\$aNBS$beng$erda$cNBS$dOCLCO$dOCLCF$dOCLCQ
=086  0\$aC 13.38:5331
=100  1\$aPhillips, C. W.$q(Clinton Woodward),$d1919-
=245  14$aThe effect of a weather-ban sun shield on the performance of a window air conditioner /$cC.W. Phillips, P.R. Achenbach.
=264  \1$aGaithersburg, MD :$bU.S. Dept. of Commerce, National Institute of Standards and Technology,$c1957.
=300  \\$a1 online resource.
=336  \\$atext$btxt$2rdacontent
=337  \\$acomputer$bc$2rdamedia
=338  \\$aonline resource$bcr$2rdacarrier
=490  1\$aNBS report ;$v5331
=500  \\$a1957.
=500  \\$aContributed record: Metadata reviewed, not verified. Some fields updated by batch processes.
=500  \\$aTitle from PDF title page.
=504  \\$aIncludes bibliographical references.
=650  \0$aRefrigeration and refrigerating machinery$xTesting.
=650  \7$aRefrigeration and refrigerating machinery$xTesting.$2fast$0(OCoLC)fst01092744
=700  1\$aAchenbach, P. R.
=700  1\$aPhillips, C. W.$q(Clinton Woodward),$d1919-
=710  1\$aUnited States.$bNational Bureau of Standards.
=830  \0$aNBS report ;$v5331.
=856  4\$uhttps://dx.doi.org/10.6028/NBS.RPT.5331
=856  4\$zAddress at time of PURL creation$uhttps://www.govinfo.gov/content/pkg/GOVPUB-C13-8dc97b16cb20c1be6053ff0cb061e65d/pdf/GOVPUB-C13-8dc97b16cb20c1be6053ff0cb061e65d.pdf
=856  40$uhttps://purl.fdlp.gov/GPO/gpo100524
=049  \\$aGPOO
=922  \\$aBatch-processed
=922  \\$aNIST-1$b20180815

