=LDR  01662nam  2200397Ia 45e0
=001  001076915
=003  OCoLC
=005  20180711120949.0
=008  160829s1957\\\\mdu\\\\\ob\\\f000\0\eng\d
=024  8\$aGOVPUB-C13-9a8cba2964de571291fa585f58e5dd7a
=035  \\$a(OCoLC)957470525
=040  \\$aNBS$beng$erda$cNBS$dOCLCO$dOCLCQ
=086  0\$aC 13.38:5352
=100  1\$aPhillips, C. W.$q(Clinton Woodward),$d1919-
=245  12$aA study of certain procedures for measuring the heat transfer in refrigerated trailers /$cC.W. Phillips, J.W. Grimes, P.R. Achenbach.
=264  \1$aGaithersburg, MD :$bU.S. Dept. of Commerce, National Institute of Standards and Technology,$c1957.
=300  \\$a1 online resource.
=336  \\$atext$btxt$2rdacontent
=337  \\$acomputer$bc$2rdamedia
=338  \\$aonline resource$bcr$2rdacarrier
=490  1\$aNBS report ;$v5352
=500  \\$a1957.
=500  \\$aContributed record: Metadata reviewed, not verified. Some fields updated by batch processes.
=500  \\$aTitle from PDF title page.
=504  \\$aIncludes bibliographical references.
=700  1\$aAchenbach, P. R.
=700  1\$aGrimes, J. W.
=700  1\$aPhillips, C. W.$q(Clinton Woodward),$d1919-
=710  1\$aUnited States.$bNational Bureau of Standards.
=830  \0$aNBS report ;$v5352.
=856  4\$uhttps://dx.doi.org/10.6028/NBS.RPT.5352
=856  4\$zAddress at time of PURL creation$uhttps://www.govinfo.gov/content/pkg/GOVPUB-C13-9a8cba2964de571291fa585f58e5dd7a/pdf/GOVPUB-C13-9a8cba2964de571291fa585f58e5dd7a.pdf
=856  40$uhttps://purl.fdlp.gov/GPO/gpo101034
=049  \\$aGPOO
=922  \\$aBatch-processed
=922  \\$aNIST-1$b20180815

