=LDR  01761nam  2200409Ia 45e0
=001  001077253
=003  OCoLC
=005  20180711120948.0
=008  160829s1957\\\\mdu\\\\\ob\\\f000\0\eng\d
=024  8\$aGOVPUB-C13-eea9805bc0427af48bc9663d0e5db508
=035  \\$a(OCoLC)957470467
=040  \\$aNBS$beng$erda$cNBS$dOCLCO$dOCLCF$dOCLCQ
=086  0\$aC 13.38:5336
=100  1\$aPhillips, C. W.$q(Clinton Woodward),$d1919-
=245  10$aCapacity of a Fedders window-type air conditioner model 611-DG-53 /$cC.W. Phillips, W.F. Goddard.
=264  \1$aGaithersburg, MD :$bU.S. Dept. of Commerce, National Institute of Standards and Technology,$c1957.
=300  \\$a1 online resource.
=336  \\$atext$btxt$2rdacontent
=337  \\$acomputer$bc$2rdamedia
=338  \\$aonline resource$bcr$2rdacarrier
=490  1\$aNBS report ;$v5336
=500  \\$a1957.
=500  \\$aContributed record: Metadata reviewed, not verified. Some fields updated by batch processes.
=500  \\$aTitle from PDF title page.
=504  \\$aIncludes bibliographical references.
=650  \0$aAir conditioning$xEquipment and supplies$xTesting.
=650  \7$aAir conditioning$xEquipment and supplies$xTesting.$2fast$0(OCoLC)fst00802300
=700  1\$aGoddard, W. F.
=700  1\$aPhillips, C. W.$q(Clinton Woodward),$d1919-
=710  1\$aUnited States.$bNational Bureau of Standards.
=830  \0$aNBS report ;$v5336.
=856  4\$uhttps://dx.doi.org/10.6028/NBS.RPT.5336
=856  4\$zAddress at time of PURL creation$uhttps://www.govinfo.gov/content/pkg/GOVPUB-C13-eea9805bc0427af48bc9663d0e5db508/pdf/GOVPUB-C13-eea9805bc0427af48bc9663d0e5db508.pdf
=856  40$uhttps://purl.fdlp.gov/GPO/gpo104730
=049  \\$aGPOO
=922  \\$aBatch-processed
=922  \\$aNIST-1$b20180815

