=LDR  01646nam  2200409Ia 45e0
=001  001076710
=003  OCoLC
=005  20180711120948.0
=008  160829s1957\\\\mdu\\\\\ob\\\f000\0\eng\d
=024  8\$aGOVPUB-C13-6067a9873d722f03bb10d6ef574ab0ca
=035  \\$a(OCoLC)957470462
=040  \\$aNBS$beng$erda$cNBS$dOCLCO$dOCLCQ
=086  0\$aC 13.38:5223
=100  1\$aPowell, F. J.
=245  10$aVapor barrier investigation Thule and Sondrestrom Air Force Bases, Greenland :$bsummary report /$cF.J. Powell, W.O. McClune, B.J. Small, R.J. Persson.
=264  \1$aGaithersburg, MD :$bU.S. Dept. of Commerce, National Institute of Standards and Technology,$c1957.
=300  \\$a1 online resource.
=336  \\$atext$btxt$2rdacontent
=337  \\$acomputer$bc$2rdamedia
=338  \\$aonline resource$bcr$2rdacarrier
=490  1\$aNBS report ;$v5223
=500  \\$a1957.
=500  \\$aContributed record: Metadata reviewed, not verified. Some fields updated by batch processes.
=500  \\$aTitle from PDF title page.
=504  \\$aIncludes bibliographical references.
=700  1\$aMcClune, W. O.
=700  1\$aPersson, R. J.
=700  1\$aPowell, F. J.
=700  1\$aSmall, B. J.
=710  1\$aUnited States.$bNational Bureau of Standards.
=830  \0$aNBS report ;$v5223.
=856  4\$uhttps://dx.doi.org/10.6028/NBS.RPT.5223
=856  4\$zAddress at time of PURL creation$uhttps://www.govinfo.gov/content/pkg/GOVPUB-C13-6067a9873d722f03bb10d6ef574ab0ca/pdf/GOVPUB-C13-6067a9873d722f03bb10d6ef574ab0ca.pdf
=856  40$uhttps://purl.fdlp.gov/GPO/gpo98584
=049  \\$aGPOO
=922  \\$aBatch-processed
=922  \\$aNIST-1$b20180815

