=LDR  01566nam  2200397Ia 45e0
=001  001077229
=003  OCoLC
=005  20180711120949.0
=008  160829s1957\\\\mdu\\\\\ob\\\f000\0\eng\d
=024  8\$aGOVPUB-C13-e75dda6c9086fb51c601afc9dd24c0c0
=035  \\$a(OCoLC)957470499
=040  \\$aNBS$beng$erda$cNBS$dOCLCO$dOCLCQ
=086  0\$aC 13.38:5624
=100  1\$aReichard, T. W.
=245  10$aInsulating concretes :$binterim report no. 1 /$cT.W. Reichard, D. Watstein.
=264  \1$aGaithersburg, MD :$bU.S. Dept. of Commerce, National Institute of Standards and Technology,$c1957.
=300  \\$a1 online resource.
=336  \\$atext$btxt$2rdacontent
=337  \\$acomputer$bc$2rdamedia
=338  \\$aonline resource$bcr$2rdacarrier
=490  1\$aNBS report ;$v5624
=500  \\$a1957.
=500  \\$aContributed record: Metadata reviewed, not verified. Some fields updated by batch processes.
=500  \\$aTitle from PDF title page.
=504  \\$aIncludes bibliographical references.
=650  \0$aInsulating concrete forms$xTesting.
=700  1\$aReichard, T. W.
=700  1\$aWatstein, D.
=710  1\$aUnited States.$bNational Bureau of Standards.
=830  \0$aNBS report ;$v5624.
=856  4\$uhttps://dx.doi.org/10.6028/NBS.RPT.5624
=856  4\$zAddress at time of PURL creation$uhttps://www.govinfo.gov/content/pkg/GOVPUB-C13-e75dda6c9086fb51c601afc9dd24c0c0/pdf/GOVPUB-C13-e75dda6c9086fb51c601afc9dd24c0c0.pdf
=856  40$uhttps://purl.fdlp.gov/GPO/gpo104445
=049  \\$aGPOO
=922  \\$aBatch-processed
=922  \\$aNIST-1$b20180815

