=LDR  01748nam  2200433Ia 45e0
=001  001077294
=003  OCoLC
=005  20180711120949.0
=008  160829s1957\\\\mdu\\\\\ob\\\f000\0\eng\d
=024  8\$aGOVPUB-C13-fcd7c31263e9d566052d24b38a8901d2
=035  \\$a(OCoLC)957470529
=040  \\$aNBS$beng$erda$cNBS$dOCLCO$dOCLCQ$dOCLCO$dOCLCF
=086  0\$aC 13.38:5431
=100  1\$aRobertson, A. F.
=245  10$aFire research in Britain and Europe - 1957 /$cA.F. Robertson.
=264  \1$aGaithersburg, MD :$bU.S. Dept. of Commerce, National Institute of Standards and Technology,$c1957.
=300  \\$a1 online resource.
=336  \\$atext$btxt$2rdacontent
=337  \\$acomputer$bc$2rdamedia
=338  \\$aonline resource$bcr$2rdacarrier
=490  1\$aNBS report ;$v5431
=500  \\$a1957.
=500  \\$aContributed record: Metadata reviewed, not verified. Some fields updated by batch processes.
=500  \\$aTitle from PDF title page.
=504  \\$aIncludes bibliographical references.
=650  \7$aFire prevention$xResearch.$2fast$0(OCoLC)fst00925487
=651  \0$aEurope$xFire research.
=651  \0$aGreat Britain$xFire research.
=651  \7$aEurope.$2fast$0(OCoLC)fst01245064
=651  \7$aGreat Britain.$2fast$0(OCoLC)fst01204623
=700  1\$aRobertson, A. F.
=710  1\$aUnited States.$bNational Bureau of Standards.
=830  \0$aNBS report ;$v5431.
=856  4\$uhttps://dx.doi.org/10.6028/NBS.RPT.5431
=856  4\$zAddress at time of PURL creation$uhttps://www.govinfo.gov/content/pkg/GOVPUB-C13-fcd7c31263e9d566052d24b38a8901d2/pdf/GOVPUB-C13-fcd7c31263e9d566052d24b38a8901d2.pdf
=856  40$uhttps://purl.fdlp.gov/GPO/gpo105308
=049  \\$aGPOO
=922  \\$aBatch-processed
=922  \\$aNIST-1$b20180815

