=LDR  01678nam  2200421Ia 45e0
=001  001076888
=003  OCoLC
=005  20180711120949.0
=008  160829s1957\\\\mdu\\\\\ob\\\f000\0\eng\d
=024  8\$aGOVPUB-C13-92af48b659d6342c985ba416ced8ecb9
=035  \\$a(OCoLC)957470533
=040  \\$aNBS$beng$erda$cNBS$dOCLCO$dOCLCQ$dOCLCF
=086  0\$aC 13.38:5376
=100  1\$aRyan, J. V.
=245  10$aReport of fire test of cellular steel deck and beam /$cJ.V. Ryan.
=264  \1$aGaithersburg, MD :$bU.S. Dept. of Commerce, National Institute of Standards and Technology,$c1957.
=300  \\$a1 online resource.
=336  \\$atext$btxt$2rdacontent
=337  \\$acomputer$bc$2rdamedia
=338  \\$aonline resource$bcr$2rdacarrier
=490  1\$aNBS report ;$v5376
=500  \\$a1957.
=500  \\$aContributed record: Metadata reviewed, not verified. Some fields updated by batch processes.
=500  \\$aTitle from PDF title page.
=504  \\$aIncludes bibliographical references.
=650  \0$aDrywall$xFire testing.
=650  \0$aSteel, Heat resistant$xTesting.
=650  \0$aVermiculite$xFire testing.
=650  \7$aSteel, Heat resistant$xTesting.$2fast$0(OCoLC)fst01132776
=700  1\$aRyan, J. V.
=710  1\$aUnited States.$bNational Bureau of Standards.
=830  \0$aNBS report ;$v5376.
=856  4\$uhttps://dx.doi.org/10.6028/NBS.RPT.5376
=856  4\$zAddress at time of PURL creation$uhttps://www.govinfo.gov/content/pkg/GOVPUB-C13-92af48b659d6342c985ba416ced8ecb9/pdf/GOVPUB-C13-92af48b659d6342c985ba416ced8ecb9.pdf
=856  40$uhttps://purl.fdlp.gov/GPO/gpo100723
=049  \\$aGPOO
=922  \\$aBatch-processed
=922  \\$aNIST-1$b20180815

