=LDR  01534nam  2200361Ia 45e0
=001  001076577
=003  OCoLC
=005  20180711120934.0
=008  160829s1957\\\\mdu\\\\\ob\\\f000\0\eng\d
=024  8\$aGOVPUB-C13-41482ac69bbbf72fedde703fa0f24aff
=035  \\$a(OCoLC)957470411
=040  \\$aNBS$beng$erda$cNBS$dOCLCO$dOCLCQ
=086  0\$aC 13.38:5152
=110  1\$aUnited States.$bNational Bureau of Standards.
=245  10$aProjects related to building research at the National Bureau of Standards for fiscal year 1957 /$cNational Bureau of Standards.
=264  \1$aGaithersburg, MD :$bU.S. Dept. of Commerce, National Institute of Standards and Technology,$c1957.
=300  \\$a1 online resource.
=336  \\$atext$btxt$2rdacontent
=337  \\$acomputer$bc$2rdamedia
=338  \\$aonline resource$bcr$2rdacarrier
=490  1\$aNBS report ;$v5152
=500  \\$a1957.
=500  \\$aContributed record: Metadata reviewed, not verified. Some fields updated by batch processes.
=500  \\$aTitle from PDF title page.
=504  \\$aIncludes bibliographical references.
=710  1\$aUnited States.$bNational Bureau of Standards.
=830  \0$aNBS report ;$v5152.
=856  4\$uhttps://dx.doi.org/10.6028/NBS.RPT.5152
=856  4\$zAddress at time of PURL creation$uhttps://www.govinfo.gov/content/pkg/GOVPUB-C13-41482ac69bbbf72fedde703fa0f24aff/pdf/GOVPUB-C13-41482ac69bbbf72fedde703fa0f24aff.pdf
=856  40$uhttps://purl.fdlp.gov/GPO/gpo97418
=049  \\$aGPOO
=922  \\$aBatch-processed
=922  \\$aNIST-1$b20180815

