=LDR  01672nam  2200409Ia 45e0
=001  001077154
=003  OCoLC
=005  20180711120934.0
=008  160829s1957\\\\mdu\\\\\ob\\\f000\0\eng\d
=024  8\$aGOVPUB-C13-d65232a066a6a583501353fc9b6a1349
=035  \\$a(OCoLC)957469987
=040  \\$aNBS$beng$erda$cNBS$dOCLCO$dOCLCF$dOCLCQ
=086  0\$aC 13.38:5240
=100  1\$aWatson, Thomas W.
=245  10$aPerformance tests of an Electro-Air "high capacity" electronic air cleaner /$cThomas W. Watson, Henry E. Robinson.
=264  \1$aGaithersburg, MD :$bU.S. Dept. of Commerce, National Institute of Standards and Technology,$c1957.
=300  \\$a1 online resource.
=336  \\$atext$btxt$2rdacontent
=337  \\$acomputer$bc$2rdamedia
=338  \\$aonline resource$bcr$2rdacarrier
=490  1\$aNBS report ;$v5240
=500  \\$a1957.
=500  \\$aContributed record: Metadata reviewed, not verified. Some fields updated by batch processes.
=500  \\$aTitle from PDF title page.
=504  \\$aIncludes bibliographical references.
=650  \0$aAir filters$xTesting.
=650  \7$aAir filters$xTesting.$2fast$0(OCoLC)fst00802369
=700  1\$aRobinson, Henry E.
=700  1\$aWatson, Thomas W.
=710  1\$aUnited States.$bNational Bureau of Standards.
=830  \0$aNBS report ;$v5240.
=856  4\$uhttps://dx.doi.org/10.6028/NBS.RPT.5240
=856  4\$zAddress at time of PURL creation$uhttps://www.govinfo.gov/content/pkg/GOVPUB-C13-d65232a066a6a583501353fc9b6a1349/pdf/GOVPUB-C13-d65232a066a6a583501353fc9b6a1349.pdf
=856  40$uhttps://purl.fdlp.gov/GPO/gpo103458
=049  \\$aGPOO
=922  \\$aBatch-processed
=922  \\$aNIST-1$b20180815

