=LDR  01712nam  2200409Ia 45e0
=001  001077041
=003  OCoLC
=005  20180711120946.0
=008  160829s1958\\\\mdu\\\\\ob\\\f000\0\eng\d
=024  8\$aGOVPUB-C13-bd894d2d2dc6dbc2e208832f0ad32997
=035  \\$a(OCoLC)957470377
=040  \\$aNBS$beng$erda$cNBS$dOCLCO$dOCLCF$dOCLCQ
=086  0\$aC 13.38:5934
=100  1\$aBach, Paul R.
=245  14$aThe use of anhydrous methyl alcohol in refrigerant 12 and 22 systems /$cPaul R. Bach, Carl W. Phillips.
=264  \1$aGaithersburg, MD :$bU.S. Dept. of Commerce, National Institute of Standards and Technology,$c1958.
=300  \\$a1 online resource.
=336  \\$atext$btxt$2rdacontent
=337  \\$acomputer$bc$2rdamedia
=338  \\$aonline resource$bcr$2rdacarrier
=490  1\$aNBS report ;$v5934
=500  \\$a1958.
=500  \\$aContributed record: Metadata reviewed, not verified. Some fields updated by batch processes.
=500  \\$aTitle from PDF title page.
=504  \\$aIncludes bibliographical references.
=650  \0$aRefrigeration and refrigerating machinery$xTesting.
=650  \7$aRefrigeration and refrigerating machinery$xTesting.$2fast$0(OCoLC)fst01092744
=700  1\$aBach, Paul R.
=700  1\$aPhillips, Carl W.
=710  1\$aUnited States.$bNational Bureau of Standards.
=830  \0$aNBS report ;$v5934.
=856  4\$uhttps://dx.doi.org/10.6028/NBS.RPT.5934
=856  4\$zAddress at time of PURL creation$uhttps://www.govinfo.gov/content/pkg/GOVPUB-C13-bd894d2d2dc6dbc2e208832f0ad32997/pdf/GOVPUB-C13-bd894d2d2dc6dbc2e208832f0ad32997.pdf
=856  40$uhttps://purl.fdlp.gov/GPO/gpo102419
=049  \\$aGPOO
=922  \\$aBatch-processed
=922  \\$aNIST-1$b20180815

