=LDR  01658nam  2200421Ia 45e0
=001  001076920
=003  OCoLC
=005  20180711120946.0
=008  160829s1958\\\\mdu\\\\\ob\\\f000\0\eng\d
=024  8\$aGOVPUB-C13-9c18ffcc190c0683b435956d4f8218f5
=035  \\$a(OCoLC)957470379
=040  \\$aNBS$beng$erda$cNBS$dOCLCO$dOCLCF$dOCLCQ
=086  0\$aC 13.38:5943
=100  1\$aBender, E. W.
=245  10$aFireproofing structural steel /$cE.W. Bender.
=264  \1$aGaithersburg, MD :$bU.S. Dept. of Commerce, National Institute of Standards and Technology,$c1958.
=300  \\$a1 online resource.
=336  \\$atext$btxt$2rdacontent
=337  \\$acomputer$bc$2rdamedia
=338  \\$aonline resource$bcr$2rdacarrier
=490  1\$aNBS report ;$v5943
=500  \\$a1958.
=500  \\$aContributed record: Metadata reviewed, not verified. Some fields updated by batch processes.
=500  \\$aTitle from PDF title page.
=504  \\$aIncludes bibliographical references.
=650  \0$aFireproofing.
=650  \0$aSteel, Structural$xTesting.
=650  \7$aFireproofing.$2fast$0(OCoLC)fst00925685
=650  \7$aSteel, Structural$xTesting.$2fast$0(OCoLC)fst01132830
=700  1\$aBender, E. W.
=710  1\$aUnited States.$bNational Bureau of Standards.
=830  \0$aNBS report ;$v5943.
=856  4\$uhttps://dx.doi.org/10.6028/NBS.RPT.5943
=856  4\$zAddress at time of PURL creation$uhttps://www.govinfo.gov/content/pkg/GOVPUB-C13-9c18ffcc190c0683b435956d4f8218f5/pdf/GOVPUB-C13-9c18ffcc190c0683b435956d4f8218f5.pdf
=856  40$uhttps://purl.fdlp.gov/GPO/gpo101092
=049  \\$aGPOO
=922  \\$aBatch-processed
=922  \\$aNIST-1$b20180815

