=LDR  01686nam  2200409Ia 45e0
=001  001076424
=003  OCoLC
=005  20180711120946.0
=008  160829s1958\\\\mdu\\\\\ob\\\f000\0\eng\d
=024  8\$aGOVPUB-C13-1b6d68d06924de19e322b14d5eb18123
=035  \\$a(OCoLC)957470387
=040  \\$aNBS$beng$erda$cNBS$dOCLCO$dOCLCQ
=086  0\$aC 13.38:6205
=100  1\$aCole, Selden D.
=245  10$aBoiling tests of insulation for underground heat distribution systems :$ban interim report /$cSelden D. Cole, Paul R. Achenbach, Frank J. Powlitch.
=264  \1$aGaithersburg, MD :$bU.S. Dept. of Commerce, National Institute of Standards and Technology,$c1958.
=300  \\$a1 online resource.
=336  \\$atext$btxt$2rdacontent
=337  \\$acomputer$bc$2rdamedia
=338  \\$aonline resource$bcr$2rdacarrier
=490  1\$aNBS report ;$v6205
=500  \\$a1958.
=500  \\$aContributed record: Metadata reviewed, not verified. Some fields updated by batch processes.
=500  \\$aTitle from PDF title page.
=504  \\$aIncludes bibliographical references.
=650  \0$aUnderground pipelines$xInsulation$xTesting.
=700  1\$aAchenbach, Paul R.
=700  1\$aCole, Selden D.
=700  1\$aPowlitch, Frank J.
=710  1\$aUnited States.$bNational Bureau of Standards.
=830  \0$aNBS report ;$v6205.
=856  4\$uhttps://dx.doi.org/10.6028/NBS.RPT.6205
=856  4\$zAddress at time of PURL creation$uhttps://www.govinfo.gov/content/pkg/GOVPUB-C13-1b6d68d06924de19e322b14d5eb18123/pdf/GOVPUB-C13-1b6d68d06924de19e322b14d5eb18123.pdf
=856  40$uhttps://purl.fdlp.gov/GPO/gpo95519
=049  \\$aGPOO
=922  \\$aBatch-processed
=922  \\$aNIST-1$b20180815

