=LDR  01576nam  2200397Ia 45e0
=001  001076681
=003  OCoLC
=005  20180711120950.0
=008  160829s1958\\\\mdu\\\\\ob\\\f000\0\eng\d
=024  8\$aGOVPUB-C13-57d226a3a9197621734d606a63187e3b
=035  \\$a(OCoLC)957470571
=040  \\$aNBS$beng$erda$cNBS$dOCLCO$dOCLCQ
=086  0\$aC 13.38:5814
=100  1\$aCole, Selden D.
=245  12$aA study of Z-Crete as underground pipe insulation /$cSelden D. Cole, P.R. Achenbach, Frank J. Powell.
=264  \1$aGaithersburg, MD :$bU.S. Dept. of Commerce, National Institute of Standards and Technology,$c1958.
=300  \\$a1 online resource.
=336  \\$atext$btxt$2rdacontent
=337  \\$acomputer$bc$2rdamedia
=338  \\$aonline resource$bcr$2rdacarrier
=490  1\$aNBS report ;$v5814
=500  \\$a1958.
=500  \\$aContributed record: Metadata reviewed, not verified. Some fields updated by batch processes.
=500  \\$aTitle from PDF title page.
=504  \\$aIncludes bibliographical references.
=700  1\$aAchenbach, P. R.
=700  1\$aCole, Selden D.
=700  1\$aPowell, Frank J.
=710  1\$aUnited States.$bNational Bureau of Standards.
=830  \0$aNBS report ;$v5814.
=856  4\$uhttps://dx.doi.org/10.6028/NBS.RPT.5814
=856  4\$zAddress at time of PURL creation$uhttps://www.govinfo.gov/content/pkg/GOVPUB-C13-57d226a3a9197621734d606a63187e3b/pdf/GOVPUB-C13-57d226a3a9197621734d606a63187e3b.pdf
=856  40$uhttps://purl.fdlp.gov/GPO/gpo98102
=049  \\$aGPOO
=922  \\$aBatch-processed
=922  \\$aNIST-1$b20180815

