=LDR  01647nam  2200409Ia 45e0
=001  001076767
=003  OCoLC
=005  20180711120944.0
=008  160829s1958\\\\mdu\\\\\ob\\\f000\0\eng\d
=024  8\$aGOVPUB-C13-70257a20a053a9c27338842b856d374d
=035  \\$a(OCoLC)957470285
=040  \\$aNBS$beng$erda$cNBS$dOCLCO$dOCLCF$dOCLCQ
=086  0\$aC 13.38:5908
=100  1\$aDavis, Joseph C.
=245  10$aCapacity tests of a Mathes heat pump model 38HAR-VEB-HP /$cJoseph C. Davis, Paul R. Achenbach.
=264  \1$aGaithersburg, MD :$bU.S. Dept. of Commerce, National Institute of Standards and Technology,$c1958.
=300  \\$a1 online resource.
=336  \\$atext$btxt$2rdacontent
=337  \\$acomputer$bc$2rdamedia
=338  \\$aonline resource$bcr$2rdacarrier
=490  1\$aNBS report ;$v5908
=500  \\$a1958.
=500  \\$aContributed record: Metadata reviewed, not verified. Some fields updated by batch processes.
=500  \\$aTitle from PDF title page.
=504  \\$aIncludes bibliographical references.
=650  \0$aHeat pumps$xTesting.
=650  \7$aHeat pumps$xTesting.$2fast$0(OCoLC)fst00953943
=700  1\$aAchenbach, Paul R.
=700  1\$aDavis, Joseph C.
=710  1\$aUnited States.$bNational Bureau of Standards.
=830  \0$aNBS report ;$v5908.
=856  4\$uhttps://dx.doi.org/10.6028/NBS.RPT.5908
=856  4\$zAddress at time of PURL creation$uhttps://www.govinfo.gov/content/pkg/GOVPUB-C13-70257a20a053a9c27338842b856d374d/pdf/GOVPUB-C13-70257a20a053a9c27338842b856d374d.pdf
=856  40$uhttps://purl.fdlp.gov/GPO/gpo99191
=049  \\$aGPOO
=922  \\$aBatch-processed
=922  \\$aNIST-1$b20180815

