=LDR  01663nam  2200409Ia 45e0
=001  001077083
=003  OCoLC
=005  20180711120946.0
=008  160829s1958\\\\mdu\\\\\ob\\\f000\0\eng\d
=024  8\$aGOVPUB-C13-c66202d4053f9911c7a65f636d722f0c
=035  \\$a(OCoLC)957470393
=040  \\$aNBS$beng$erda$cNBS$dOCLCO$dOCLCF$dOCLCQ
=086  0\$aC 13.38:6129
=100  1\$aDavis, Joseph C.
=245  10$aCapacity tests of two Westinghouse heat pumps models 23 rhp and 33 rhp /$cJoseph C. Davis, Paul R. Achenbach.
=264  \1$aGaithersburg, MD :$bU.S. Dept. of Commerce, National Institute of Standards and Technology,$c1958.
=300  \\$a1 online resource.
=336  \\$atext$btxt$2rdacontent
=337  \\$acomputer$bc$2rdamedia
=338  \\$aonline resource$bcr$2rdacarrier
=490  1\$aNBS report ;$v6129
=500  \\$a1958.
=500  \\$aContributed record: Metadata reviewed, not verified. Some fields updated by batch processes.
=500  \\$aTitle from PDF title page.
=504  \\$aIncludes bibliographical references.
=650  \0$aHeat pumps$xTesting.
=650  \7$aHeat pumps$xTesting.$2fast$0(OCoLC)fst00953943
=700  1\$aAchenbach, Paul R.
=700  1\$aDavis, Joseph C.
=710  1\$aUnited States.$bNational Bureau of Standards.
=830  \0$aNBS report ;$v6129.
=856  4\$uhttps://dx.doi.org/10.6028/NBS.RPT.6129
=856  4\$zAddress at time of PURL creation$uhttps://www.govinfo.gov/content/pkg/GOVPUB-C13-c66202d4053f9911c7a65f636d722f0c/pdf/GOVPUB-C13-c66202d4053f9911c7a65f636d722f0c.pdf
=856  40$uhttps://purl.fdlp.gov/GPO/gpo102808
=049  \\$aGPOO
=922  \\$aBatch-processed
=922  \\$aNIST-1$b20180815

