=LDR  01748nam  2200433Ia 45e0
=001  001076692
=003  OCoLC
=005  20180711120946.0
=008  160829s1958\\\\mdu\\\\\ob\\\f000\0\eng\d
=024  8\$aGOVPUB-C13-5b88619048223efe6118329a93533c0c
=035  \\$a(OCoLC)957470378
=040  \\$aNBS$beng$erda$cNBS$dOCLCO$dOCLCQ$dOCLCF
=086  0\$aC 13.38:5935
=100  1\$aFalzone, John P.
=245  10$aRelation of rate of component changes in asphalts to accelerated durability. /$cJohn P. Falzone.
=264  \1$aGaithersburg, MD :$bU.S. Dept. of Commerce, National Institute of Standards and Technology,$c1958.
=300  \\$a1 online resource.
=336  \\$atext$btxt$2rdacontent
=337  \\$acomputer$bc$2rdamedia
=338  \\$aonline resource$bcr$2rdacarrier
=490  1\$aNBS report ;$v5935
=500  \\$a1958.
=500  \\$aContributed record: Metadata reviewed, not verified. Some fields updated by batch processes.
=500  \\$aTitle from PDF title page.
=504  \\$aIncludes bibliographical references.
=650  \0$aAsphalt$xDeterioration.
=650  \0$aAsphalt$xTesting.
=650  \0$aAsphaltene$xTesting.
=650  \7$aAsphalt$xTesting.$2fast$0(OCoLC)fst00818834
=650  \7$aAsphaltene$xTesting.$2fast$0(OCoLC)fst00818886
=700  1\$aFalzone, John P.
=710  1\$aUnited States.$bNational Bureau of Standards.
=830  \0$aNBS report ;$v5935.
=856  4\$uhttps://dx.doi.org/10.6028/NBS.RPT.5935
=856  4\$zAddress at time of PURL creation$uhttps://www.govinfo.gov/content/pkg/GOVPUB-C13-5b88619048223efe6118329a93533c0c/pdf/GOVPUB-C13-5b88619048223efe6118329a93533c0c.pdf
=856  40$uhttps://purl.fdlp.gov/GPO/gpo98377
=049  \\$aGPOO
=922  \\$aBatch-processed
=922  \\$aNIST-1$b20180815

