=LDR  01699nam  2200421Ia 45e0
=001  001076591
=003  OCoLC
=005  20180711120946.0
=008  160829s1958\\\\mdu\\\\\ob\\\f000\0\eng\d
=024  8\$aGOVPUB-C13-441070814bef7e3774d55fe3dd38df57
=035  \\$a(OCoLC)957470394
=040  \\$aNBS$beng$erda$cNBS$dOCLCO$dOCLCF$dOCLCQ
=086  0\$aC 13.38:6134
=100  1\$aHaight, Frank A.
=245  10$aIndex to the distributions of mathematical statistics /$cFrank A. Haight.
=264  \1$aGaithersburg, MD :$bU.S. Dept. of Commerce, National Institute of Standards and Technology,$c1958.
=300  \\$a1 online resource.
=336  \\$atext$btxt$2rdacontent
=337  \\$acomputer$bc$2rdamedia
=338  \\$aonline resource$bcr$2rdacarrier
=490  1\$aNBS report ;$v6134
=500  \\$a1958.
=500  \\$aContributed record: Metadata reviewed, not verified. Some fields updated by batch processes.
=500  \\$aTitle from PDF title page.
=504  \\$aIncludes bibliographical references.
=650  \0$aDistribution (Probability theory)
=650  \0$aStatistics.
=650  \7$aDistribution (Probability theory)$2fast$0(OCoLC)fst00895600
=650  \7$aStatistics.$2fast$0(OCoLC)fst01132103
=700  1\$aHaight, Frank A.
=710  1\$aUnited States.$bNational Bureau of Standards.
=830  \0$aNBS report ;$v6134.
=856  4\$uhttps://dx.doi.org/10.6028/NBS.RPT.6134
=856  4\$zAddress at time of PURL creation$uhttps://www.govinfo.gov/content/pkg/GOVPUB-C13-441070814bef7e3774d55fe3dd38df57/pdf/GOVPUB-C13-441070814bef7e3774d55fe3dd38df57.pdf
=856  40$uhttps://purl.fdlp.gov/GPO/gpo97211
=049  \\$aGPOO
=922  \\$aBatch-processed
=922  \\$aNIST-1$b20180815

