=LDR  01800nam  2200433Ia 45e0
=001  001077141
=003  OCoLC
=005  20180711120946.0
=008  160829s1958\\\\mdu\\\\\ob\\\f000\0\eng\d
=024  8\$aGOVPUB-C13-d304fae9827561a840e511f098e7c70b
=035  \\$a(OCoLC)957470373
=040  \\$aNBS$beng$erda$cNBS$dOCLCO$dOCLCF$dOCLCQ
=086  0\$aC 13.38:5990
=100  1\$aKirstein, Arthur F.
=245  10$aStrength of joints in unreinforced cellular concrete beams /$cArthur F. Kirstein, Harvey M. Shirley.
=264  \1$aGaithersburg, MD :$bU.S. Dept. of Commerce, National Institute of Standards and Technology,$c1958.
=300  \\$a1 online resource.
=336  \\$atext$btxt$2rdacontent
=337  \\$acomputer$bc$2rdamedia
=338  \\$aonline resource$bcr$2rdacarrier
=490  1\$aNBS report ;$v5990
=500  \\$a1958.
=500  \\$aContributed record: Metadata reviewed, not verified. Some fields updated by batch processes.
=500  \\$aTitle from PDF title page.
=504  \\$aIncludes bibliographical references.
=650  \0$aJoints (Engineering)$xTesting.
=650  \0$aLightweight concrete$xTesting.
=650  \7$aJoints (Engineering)$xTesting.$2fast$0(OCoLC)fst00983941
=650  \7$aLightweight concrete$xTesting.$2fast$0(OCoLC)fst00998713
=700  1\$aKirstein, Arthur F.
=700  1\$aShirley, Harvey M.
=710  1\$aUnited States.$bNational Bureau of Standards.
=830  \0$aNBS report ;$v5990.
=856  4\$uhttps://dx.doi.org/10.6028/NBS.RPT.5990
=856  4\$zAddress at time of PURL creation$uhttps://www.govinfo.gov/content/pkg/GOVPUB-C13-d304fae9827561a840e511f098e7c70b/pdf/GOVPUB-C13-d304fae9827561a840e511f098e7c70b.pdf
=856  40$uhttps://purl.fdlp.gov/GPO/gpo103325
=049  \\$aGPOO
=922  \\$aBatch-processed
=922  \\$aNIST-1$b20180815

