=LDR  01653nam  2200409Ia 45e0
=001  001077142
=003  OCoLC
=005  20180711120949.0
=008  160829s1958\\\\mdu\\\\\ob\\\f000\0\eng\d
=024  8\$aGOVPUB-C13-d337d3b8f7c40c1f4862ec5c42e223ca
=035  \\$a(OCoLC)957470502
=040  \\$aNBS$beng$erda$cNBS$dOCLCO$dOCLCQ$dOCLCF
=086  0\$aC 13.38:5825
=100  1\$aKirstein, Arthur F.
=245  10$aFlexural tests of prestressed cellular slabs /$cArthur F. Kirstein.
=264  \1$aGaithersburg, MD :$bU.S. Dept. of Commerce, National Institute of Standards and Technology,$c1958.
=300  \\$a1 online resource.
=336  \\$atext$btxt$2rdacontent
=337  \\$acomputer$bc$2rdamedia
=338  \\$aonline resource$bcr$2rdacarrier
=490  1\$aNBS report ;$v5825
=500  \\$a1958.
=500  \\$aContributed record: Metadata reviewed, not verified. Some fields updated by batch processes.
=500  \\$aTitle from PDF title page.
=504  \\$aIncludes bibliographical references.
=650  \0$aConcrete slabs$xCompression testing.
=650  \0$aConcrete slabs$xTesting.
=650  \7$aConcrete slabs$xTesting.$2fast$0(OCoLC)fst00874402
=700  1\$aKirstein, Arthur F.
=710  1\$aUnited States.$bNational Bureau of Standards.
=830  \0$aNBS report ;$v5825.
=856  4\$uhttps://dx.doi.org/10.6028/NBS.RPT.5825
=856  4\$zAddress at time of PURL creation$uhttps://www.govinfo.gov/content/pkg/GOVPUB-C13-d337d3b8f7c40c1f4862ec5c42e223ca/pdf/GOVPUB-C13-d337d3b8f7c40c1f4862ec5c42e223ca.pdf
=856  40$uhttps://purl.fdlp.gov/GPO/gpo103331
=049  \\$aGPOO
=922  \\$aBatch-processed
=922  \\$aNIST-1$b20180815

