=LDR  01653nam  2200409Ia 45e0
=001  001076838
=003  OCoLC
=005  20180711120950.0
=008  160829s1958\\\\mdu\\\\\ob\\\f000\0\eng\d
=024  8\$aGOVPUB-C13-8358f285463a75996946a1464b2cf11e
=035  \\$a(OCoLC)957470570
=040  \\$aNBS$beng$erda$cNBS$dOCLCO$dOCLCQ$dOCLCF
=086  0\$aC 13.38:5790
=100  1\$aLee, T. G.
=245  12$aA technique for study of flame quenching properties of salts /$cT.G. Lee.
=264  \1$aGaithersburg, MD :$bU.S. Dept. of Commerce, National Institute of Standards and Technology,$c1958.
=300  \\$a1 online resource.
=336  \\$atext$btxt$2rdacontent
=337  \\$acomputer$bc$2rdamedia
=338  \\$aonline resource$bcr$2rdacarrier
=490  1\$aNBS report ;$v5790
=500  \\$a1958.
=500  \\$aContributed record: Metadata reviewed, not verified. Some fields updated by batch processes.
=500  \\$aTitle from PDF title page.
=504  \\$aIncludes bibliographical references.
=650  \0$aFire extinguishing agents$xTesting.
=650  \0$aSodium salts$xFire testing.
=650  \7$aFire extinguishing agents$xTesting.$2fast$0(OCoLC)fst00925378
=700  1\$aLee, T. G.
=710  1\$aUnited States.$bNational Bureau of Standards.
=830  \0$aNBS report ;$v5790.
=856  4\$uhttps://dx.doi.org/10.6028/NBS.RPT.5790
=856  4\$zAddress at time of PURL creation$uhttps://www.govinfo.gov/content/pkg/GOVPUB-C13-8358f285463a75996946a1464b2cf11e/pdf/GOVPUB-C13-8358f285463a75996946a1464b2cf11e.pdf
=856  40$uhttps://purl.fdlp.gov/GPO/gpo99954
=049  \\$aGPOO
=922  \\$aBatch-processed
=922  \\$aNIST-1$b20180815

