=LDR  01624nam  2200409Ia 45e0
=001  001077054
=003  OCoLC
=005  20180711120946.0
=008  160829s1958\\\\mdu\\\\\ob\\\f000\0\eng\d
=024  8\$aGOVPUB-C13-c1367e5a62b0e3ab4bfeca4e68566581
=035  \\$a(OCoLC)957470391
=040  \\$aNBS$beng$erda$cNBS$dOCLCO$dOCLCQ
=086  0\$aC 13.38:6111
=100  1\$aLoftus, J. J.
=245  10$aThermal and self-ignition properties of three solid propellants /$cJ.J. Loftus, D. Gross.
=264  \1$aGaithersburg, MD :$bU.S. Dept. of Commerce, National Institute of Standards and Technology,$c1958.
=300  \\$a1 online resource.
=336  \\$atext$btxt$2rdacontent
=337  \\$acomputer$bc$2rdamedia
=338  \\$aonline resource$bcr$2rdacarrier
=490  1\$aNBS report ;$v6111
=500  \\$a1958.
=500  \\$aContributed record: Metadata reviewed, not verified. Some fields updated by batch processes.
=500  \\$aTitle from PDF title page.
=504  \\$aIncludes bibliographical references.
=650  \0$aSolid propellants$xFire testing.
=650  \0$aSolid properties$xThermal properties.
=700  1\$aGross, D.
=700  1\$aLoftus, J. J.
=710  1\$aUnited States.$bNational Bureau of Standards.
=830  \0$aNBS report ;$v6111.
=856  4\$uhttps://dx.doi.org/10.6028/NBS.RPT.6111
=856  4\$zAddress at time of PURL creation$uhttps://www.govinfo.gov/content/pkg/GOVPUB-C13-c1367e5a62b0e3ab4bfeca4e68566581/pdf/GOVPUB-C13-c1367e5a62b0e3ab4bfeca4e68566581.pdf
=856  40$uhttps://purl.fdlp.gov/GPO/gpo102582
=049  \\$aGPOO
=922  \\$aBatch-processed
=922  \\$aNIST-1$b20180815

