=LDR  01618nam  2200397Ia 45e0
=001  001076433
=003  OCoLC
=005  20180711120945.0
=008  160829s1958\\\\mdu\\\\\ob\\\f000\0\eng\d
=024  8\$aGOVPUB-C13-1dd5a3c19741a4b39ed64d7741fd81ff
=035  \\$a(OCoLC)957470330
=040  \\$aNBS$beng$erda$cNBS$dOCLCO$dOCLCQ
=086  0\$aC 13.38:6246
=100  1\$aPeavy, B. A.
=245  10$aEngineering manual for protective construction :$bpart V heating and air conditioning of underground installations /$cB.A. Peavy, H.E. Robinson, R.S. Dill.
=264  \1$aGaithersburg, MD :$bU.S. Dept. of Commerce, National Institute of Standards and Technology,$c1958.
=300  \\$a1 online resource.
=336  \\$atext$btxt$2rdacontent
=337  \\$acomputer$bc$2rdamedia
=338  \\$aonline resource$bcr$2rdacarrier
=490  1\$aNBS report ;$v6246
=500  \\$a1958.
=500  \\$aContributed record: Metadata reviewed, not verified. Some fields updated by batch processes.
=500  \\$aTitle from PDF title page.
=504  \\$aIncludes bibliographical references.
=700  1\$aDill, R. S.
=700  1\$aPeavy, B. A.
=700  1\$aRobinson, H. E.
=710  1\$aUnited States.$bNational Bureau of Standards.
=830  \0$aNBS report ;$v6246.
=856  4\$uhttps://dx.doi.org/10.6028/NBS.RPT.6246
=856  4\$zAddress at time of PURL creation$uhttps://www.govinfo.gov/content/pkg/GOVPUB-C13-1dd5a3c19741a4b39ed64d7741fd81ff/pdf/GOVPUB-C13-1dd5a3c19741a4b39ed64d7741fd81ff.pdf
=856  40$uhttps://purl.fdlp.gov/GPO/gpo95573
=049  \\$aGPOO
=922  \\$aBatch-processed
=922  \\$aNIST-1$b20180815

