=LDR  01754nam  2200385Ia 45e0
=001  001077288
=003  OCoLC
=005  20180711120950.0
=008  160829s1958\\\\mdu\\\\\ob\\\f000\0\eng\d
=024  8\$aGOVPUB-C13-fa0aeec7dc480be9abec30c5d61ad6a2
=035  \\$a(OCoLC)957470596
=040  \\$aNBS$beng$erda$cNBS$dOCLCO$dOCLCQ
=086  0\$aC 13.38:5880
=100  1\$aPhillips, C. W.$q(Clinton Woodward),$d1919-
=245  10$aHeat transfer and other measurements during laboratory and road tests of refrigerated semi-trailers :$bprogress report for period July1, 1957 through December 31, 1957 on standards for mechanically-refrigerated enclosures /$cC.W. Phillips, P.R. Achenbach.
=264  \1$aGaithersburg, MD :$bU.S. Dept. of Commerce, National Institute of Standards and Technology,$c1958.
=300  \\$a1 online resource.
=336  \\$atext$btxt$2rdacontent
=337  \\$acomputer$bc$2rdamedia
=338  \\$aonline resource$bcr$2rdacarrier
=490  1\$aNBS report ;$v5880
=500  \\$a1958.
=500  \\$aContributed record: Metadata reviewed, not verified. Some fields updated by batch processes.
=500  \\$aTitle from PDF title page.
=504  \\$aIncludes bibliographical references.
=700  1\$aAchenbach, P. R.
=700  1\$aPhillips, C. W.$q(Clinton Woodward),$d1919-
=710  1\$aUnited States.$bNational Bureau of Standards.
=830  \0$aNBS report ;$v5880.
=856  4\$uhttps://dx.doi.org/10.6028/NBS.RPT.5880
=856  4\$zAddress at time of PURL creation$uhttps://www.govinfo.gov/content/pkg/GOVPUB-C13-fa0aeec7dc480be9abec30c5d61ad6a2/pdf/GOVPUB-C13-fa0aeec7dc480be9abec30c5d61ad6a2.pdf
=856  40$uhttps://purl.fdlp.gov/GPO/gpo105185
=049  \\$aGPOO
=922  \\$aBatch-processed
=922  \\$aNIST-1$b20180815

