=LDR  01683nam  2200421Ia 45e0
=001  001077090
=003  OCoLC
=005  20180711120946.0
=008  160829s1958\\\\mdu\\\\\ob\\\f000\0\eng\d
=024  8\$aGOVPUB-C13-c88fc5ac71bda37707c7f29831abc9cc
=035  \\$a(OCoLC)957470372
=040  \\$aNBS$beng$erda$cNBS$dOCLCO$dOCLCQ$dOCLCF
=086  0\$aC 13.38:5989
=100  1\$aReichard, T. W.
=245  10$aInsulating concretes :$binterim report no. 2 /$cT.W. Reichard, D. Watstein.
=264  \1$aGaithersburg, MD :$bU.S. Dept. of Commerce, National Institute of Standards and Technology,$c1958.
=300  \\$a1 online resource.
=336  \\$atext$btxt$2rdacontent
=337  \\$acomputer$bc$2rdamedia
=338  \\$aonline resource$bcr$2rdacarrier
=490  1\$aNBS report ;$v5989
=500  \\$a1958.
=500  \\$aContributed record: Metadata reviewed, not verified. Some fields updated by batch processes.
=500  \\$aTitle from PDF title page.
=504  \\$aIncludes bibliographical references.
=650  \0$aConcrete slabs$xStrains and stresses.
=650  \0$aConcrete slabs$xTesting.
=650  \7$aConcrete slabs$xTesting.$2fast$0(OCoLC)fst00874402
=700  1\$aReichard, T. W.
=700  1\$aWatstein, D.
=710  1\$aUnited States.$bNational Bureau of Standards.
=830  \0$aNBS report ;$v5989.
=856  4\$uhttps://dx.doi.org/10.6028/NBS.RPT.5989
=856  4\$zAddress at time of PURL creation$uhttps://www.govinfo.gov/content/pkg/GOVPUB-C13-c88fc5ac71bda37707c7f29831abc9cc/pdf/GOVPUB-C13-c88fc5ac71bda37707c7f29831abc9cc.pdf
=856  40$uhttps://purl.fdlp.gov/GPO/gpo102911
=049  \\$aGPOO
=922  \\$aBatch-processed
=922  \\$aNIST-1$b20180815

