=LDR  01750nam  2200421Ia 45e0
=001  001076401
=003  OCoLC
=005  20180711120946.0
=008  160829s1958\\\\mdu\\\\\ob\\\f000\0\eng\d
=024  8\$aGOVPUB-C13-15d51d532cb04bed8bb5e5bf494991e0
=035  \\$a(OCoLC)957470382
=040  \\$aNBS$beng$erda$cNBS$dOCLCO$dOCLCF$dOCLCQ
=086  0\$aC 13.38:5967
=100  1\$aRoberts, A. G.
=245  10$aProperties of plastic films for use as waterproofing materials in underground heat distribution systems /$cA.G. Roberts.
=264  \1$aGaithersburg, MD :$bU.S. Dept. of Commerce, National Institute of Standards and Technology,$c1958.
=300  \\$a1 online resource.
=336  \\$atext$btxt$2rdacontent
=337  \\$acomputer$bc$2rdamedia
=338  \\$aonline resource$bcr$2rdacarrier
=490  1\$aNBS report ;$v5967
=500  \\$a1958.
=500  \\$aContributed record: Metadata reviewed, not verified. Some fields updated by batch processes.
=500  \\$aTitle from PDF title page.
=504  \\$aIncludes bibliographical references.
=650  \0$aUnderground pipelines$xInsulation.
=650  \0$aWaterproofing.
=650  \7$aUnderground pipelines$xInsulation.$2fast$0(OCoLC)fst01160973
=650  \7$aWaterproofing.$2fast$0(OCoLC)fst01172709
=700  1\$aRoberts, A. G.
=710  1\$aUnited States.$bNational Bureau of Standards.
=830  \0$aNBS report ;$v5967.
=856  4\$uhttps://dx.doi.org/10.6028/NBS.RPT.5967
=856  4\$zAddress at time of PURL creation$uhttps://www.govinfo.gov/content/pkg/GOVPUB-C13-15d51d532cb04bed8bb5e5bf494991e0/pdf/GOVPUB-C13-15d51d532cb04bed8bb5e5bf494991e0.pdf
=856  40$uhttps://purl.fdlp.gov/GPO/gpo95172
=049  \\$aGPOO
=922  \\$aBatch-processed
=922  \\$aNIST-1$b20180815

