=LDR  01666nam  2200421Ia 45e0
=001  001076490
=003  OCoLC
=005  20180711120946.0
=008  160829s1958\\\\mdu\\\\\ob\\\f000\0\eng\d
=024  8\$aGOVPUB-C13-2b5162866b014bc8e7a0bec4651364fa
=035  \\$a(OCoLC)957470383
=040  \\$aNBS$beng$erda$cNBS$dOCLCO$dOCLCQ$dOCLCF
=086  0\$aC 13.38:5972
=100  1\$aRobertson, A. F.
=245  12$aA method for application of powders to test fires /$cA.F. Robertson, T.G. Lee.
=264  \1$aGaithersburg, MD :$bU.S. Dept. of Commerce, National Institute of Standards and Technology,$c1958.
=300  \\$a1 online resource.
=336  \\$atext$btxt$2rdacontent
=337  \\$acomputer$bc$2rdamedia
=338  \\$aonline resource$bcr$2rdacarrier
=490  1\$aNBS report ;$v5972
=500  \\$a1958.
=500  \\$aContributed record: Metadata reviewed, not verified. Some fields updated by batch processes.
=500  \\$aTitle from PDF title page.
=504  \\$aIncludes bibliographical references.
=650  \0$aFlammable liquids$xFire testing.
=650  \0$aPowders$xTesting.
=650  \7$aPowders$xTesting.$2fast$0(OCoLC)fst01074185
=700  1\$aLee, T. G.
=700  1\$aRobertson, A. F.
=710  1\$aUnited States.$bNational Bureau of Standards.
=830  \0$aNBS report ;$v5972.
=856  4\$uhttps://dx.doi.org/10.6028/NBS.RPT.5972
=856  4\$zAddress at time of PURL creation$uhttps://www.govinfo.gov/content/pkg/GOVPUB-C13-2b5162866b014bc8e7a0bec4651364fa/pdf/GOVPUB-C13-2b5162866b014bc8e7a0bec4651364fa.pdf
=856  40$uhttps://purl.fdlp.gov/GPO/gpo96166
=049  \\$aGPOO
=922  \\$aBatch-processed
=922  \\$aNIST-1$b20180815

