=LDR  01721nam  2200421Ia 45e0
=001  001076605
=003  OCoLC
=005  20180711120949.0
=008  160829s1958\\\\mdu\\\\\ob\\\f000\0\eng\d
=024  8\$aGOVPUB-C13-4643fab43461aa1a3c333688cd8d1115
=035  \\$a(OCoLC)957470516
=040  \\$aNBS$beng$erda$cNBS$dOCLCO$dOCLCF$dOCLCQ
=086  0\$aC 13.38:5751
=100  1\$aRobertson, A. F.
=245  10$aMeeting of experts on Fire Research Committee on Applied Research European Productivity Agency /$cA.F. Robertson.
=264  \1$aGaithersburg, MD :$bU.S. Dept. of Commerce, National Institute of Standards and Technology,$c1958.
=300  \\$a1 online resource.
=336  \\$atext$btxt$2rdacontent
=337  \\$acomputer$bc$2rdamedia
=338  \\$aonline resource$bcr$2rdacarrier
=490  1\$aNBS report ;$v5751
=500  \\$a1958.
=500  \\$aContributed record: Metadata reviewed, not verified. Some fields updated by batch processes.
=500  \\$aTitle from PDF title page.
=504  \\$aIncludes bibliographical references.
=650  \0$aFire prevention$xResearch.
=650  \0$aMeetings.
=650  \7$aFire prevention$xResearch.$2fast$0(OCoLC)fst00925487
=650  \7$aMeetings.$2fast$0(OCoLC)fst01015496
=700  1\$aRobertson, A. F.
=710  1\$aUnited States.$bNational Bureau of Standards.
=830  \0$aNBS report ;$v5751.
=856  4\$uhttps://dx.doi.org/10.6028/NBS.RPT.5751
=856  4\$zAddress at time of PURL creation$uhttps://www.govinfo.gov/content/pkg/GOVPUB-C13-4643fab43461aa1a3c333688cd8d1115/pdf/GOVPUB-C13-4643fab43461aa1a3c333688cd8d1115.pdf
=856  40$uhttps://purl.fdlp.gov/GPO/gpo97291
=049  \\$aGPOO
=922  \\$aBatch-processed
=922  \\$aNIST-1$b20180815

