=LDR  01697nam  2200421Ia 45e0
=001  001077312
=003  OCoLC
=005  20180711120946.0
=008  160829s1958\\\\mdu\\\\\ob\\\f000\0\eng\d
=024  8\$aGOVPUB-C13-ffe3b5c218291c565119b0f5330f232e
=035  \\$a(OCoLC)957470376
=040  \\$aNBS$beng$erda$cNBS$dOCLCO$dOCLCQ
=086  0\$aC 13.38:6105
=100  1\$aRobertson, A. F.
=245  10$aProposed criterion for defining load failure of beams, floors, and roof constructions during fire test /$cA.F. Robertson, J.V. Ryan.
=264  \1$aGaithersburg, MD :$bU.S. Dept. of Commerce, National Institute of Standards and Technology,$c1958.
=300  \\$a1 online resource.
=336  \\$atext$btxt$2rdacontent
=337  \\$acomputer$bc$2rdamedia
=338  \\$aonline resource$bcr$2rdacarrier
=490  1\$aNBS report ;$v6105
=500  \\$a1958.
=500  \\$aContributed record: Metadata reviewed, not verified. Some fields updated by batch processes.
=500  \\$aTitle from PDF title page.
=504  \\$aIncludes bibliographical references.
=650  \0$aFloors$xFire testing.
=650  \0$aRoofs$xFires and fire prevention.
=650  \0$aRoofs$xFire testing.
=700  1\$aRobertson, A. F.
=700  1\$aRyan, J. V.
=710  1\$aUnited States.$bNational Bureau of Standards.
=830  \0$aNBS report ;$v6105.
=856  4\$uhttps://dx.doi.org/10.6028/NBS.RPT.6105
=856  4\$zAddress at time of PURL creation$uhttps://www.govinfo.gov/content/pkg/GOVPUB-C13-ffe3b5c218291c565119b0f5330f232e/pdf/GOVPUB-C13-ffe3b5c218291c565119b0f5330f232e.pdf
=856  40$uhttps://purl.fdlp.gov/GPO/gpo105430
=049  \\$aGPOO
=922  \\$aBatch-processed
=922  \\$aNIST-1$b20180815

