=LDR  01606nam  2200397Ia 45e0
=001  001076826
=003  OCoLC
=005  20180711120950.0
=008  160829s1958\\\\mdu\\\\\ob\\\f000\0\eng\d
=024  8\$aGOVPUB-C13-7ff6f21e1cf1a291bdc44445d366f232
=035  \\$a(OCoLC)957470569
=040  \\$aNBS$beng$erda$cNBS$dOCLCO$dOCLCQ
=086  0\$aC 13.38:5788
=100  1\$aRobinson, Henry E.
=245  10$aThermal conductivity of a specimen of stainless steel type 502 /$cHenry E. Robinson, Thomas W. Watson.
=264  \1$aGaithersburg, MD :$bU.S. Dept. of Commerce, National Institute of Standards and Technology,$c1958.
=300  \\$a1 online resource.
=336  \\$atext$btxt$2rdacontent
=337  \\$acomputer$bc$2rdamedia
=338  \\$aonline resource$bcr$2rdacarrier
=490  1\$aNBS report ;$v5788
=500  \\$a1958.
=500  \\$aContributed record: Metadata reviewed, not verified. Some fields updated by batch processes.
=500  \\$aTitle from PDF title page.
=504  \\$aIncludes bibliographical references.
=650  \0$aStainless steel$xThermal conductivity.
=700  1\$aRobinson, Henry E.
=700  1\$aWatson, Thomas W.
=710  1\$aUnited States.$bNational Bureau of Standards.
=830  \0$aNBS report ;$v5788.
=856  4\$uhttps://dx.doi.org/10.6028/NBS.RPT.5788
=856  4\$zAddress at time of PURL creation$uhttps://www.govinfo.gov/content/pkg/GOVPUB-C13-7ff6f21e1cf1a291bdc44445d366f232/pdf/GOVPUB-C13-7ff6f21e1cf1a291bdc44445d366f232.pdf
=856  40$uhttps://purl.fdlp.gov/GPO/gpo99817
=049  \\$aGPOO
=922  \\$aBatch-processed
=922  \\$aNIST-1$b20180815

