=LDR  01540nam  2200385Ia 45e0
=001  001077204
=003  OCoLC
=005  20180711120950.0
=008  160829s1958\\\\mdu\\\\\ob\\\f000\0\eng\d
=024  8\$aGOVPUB-C13-e082d3f28c8a332341374da414190154
=035  \\$a(OCoLC)957470595
=040  \\$aNBS$beng$erda$cNBS$dOCLCO$dOCLCQ
=086  0\$aC 13.38:5859
=100  1\$aRobinson, Henry E.
=245  10$aThermal conductivity of a specimen of type 522 alloy /$cHenry E. Robinson, Frank J. Powell.
=264  \1$aGaithersburg, MD :$bU.S. Dept. of Commerce, National Institute of Standards and Technology,$c1958.
=300  \\$a1 online resource.
=336  \\$atext$btxt$2rdacontent
=337  \\$acomputer$bc$2rdamedia
=338  \\$aonline resource$bcr$2rdacarrier
=490  1\$aNBS report ;$v5859
=500  \\$a1958.
=500  \\$aContributed record: Metadata reviewed, not verified. Some fields updated by batch processes.
=500  \\$aTitle from PDF title page.
=504  \\$aIncludes bibliographical references.
=700  1\$aPowell, Frank J.
=700  1\$aRobinson, Henry E.
=710  1\$aUnited States.$bNational Bureau of Standards.
=830  \0$aNBS report ;$v5859.
=856  4\$uhttps://dx.doi.org/10.6028/NBS.RPT.5859
=856  4\$zAddress at time of PURL creation$uhttps://www.govinfo.gov/content/pkg/GOVPUB-C13-e082d3f28c8a332341374da414190154/pdf/GOVPUB-C13-e082d3f28c8a332341374da414190154.pdf
=856  40$uhttps://purl.fdlp.gov/GPO/gpo104137
=049  \\$aGPOO
=922  \\$aBatch-processed
=922  \\$aNIST-1$b20180815

