=LDR  01522nam  2200385Ia 45e0
=001  001076623
=003  OCoLC
=005  20180711120950.0
=008  160829s1958\\\\mdu\\\\\ob\\\f000\0\eng\d
=024  8\$aGOVPUB-C13-4a578b341a9ad7773114d5153f0394e4
=035  \\$a(OCoLC)957470567
=040  \\$aNBS$beng$erda$cNBS$dOCLCO$dOCLCQ
=086  0\$aC 13.38:5783
=100  1\$aRyan, J. V.
=245  10$aFire resistance of reinforced concrete :$bsummary report /$cJ.V. Ryan.
=264  \1$aGaithersburg, MD :$bU.S. Dept. of Commerce, National Institute of Standards and Technology,$c1958.
=300  \\$a1 online resource.
=336  \\$atext$btxt$2rdacontent
=337  \\$acomputer$bc$2rdamedia
=338  \\$aonline resource$bcr$2rdacarrier
=490  1\$aNBS report ;$v5783
=500  \\$a1958.
=500  \\$aContributed record: Metadata reviewed, not verified. Some fields updated by batch processes.
=500  \\$aTitle from PDF title page.
=504  \\$aIncludes bibliographical references.
=650  \0$aReinforced concrete$xFire testing.
=700  1\$aRyan, J. V.
=710  1\$aUnited States.$bNational Bureau of Standards.
=830  \0$aNBS report ;$v5783.
=856  4\$uhttps://dx.doi.org/10.6028/NBS.RPT.5783
=856  4\$zAddress at time of PURL creation$uhttps://www.govinfo.gov/content/pkg/GOVPUB-C13-4a578b341a9ad7773114d5153f0394e4/pdf/GOVPUB-C13-4a578b341a9ad7773114d5153f0394e4.pdf
=856  40$uhttps://purl.fdlp.gov/GPO/gpo97594
=049  \\$aGPOO
=922  \\$aBatch-processed
=922  \\$aNIST-1$b20180815

