=LDR  01542nam  2200397Ia 45e0
=001  001076725
=003  OCoLC
=005  20180711120950.0
=008  160829s1958\\\\mdu\\\\\ob\\\f000\0\eng\d
=024  8\$aGOVPUB-C13-63fb3add632c408a340388f8288b8739
=035  \\$a(OCoLC)957470566
=040  \\$aNBS$beng$erda$cNBS$dOCLCO$dOCLCQ
=086  0\$aC 13.38:5756
=100  1\$aRyan, J. V.
=245  10$aFire endurance test of bulkhead assembly /$cJ.V. Ryan.
=264  \1$aGaithersburg, MD :$bU.S. Dept. of Commerce, National Institute of Standards and Technology,$c1958.
=300  \\$a1 online resource.
=336  \\$atext$btxt$2rdacontent
=337  \\$acomputer$bc$2rdamedia
=338  \\$aonline resource$bcr$2rdacarrier
=490  1\$aNBS report ;$v5756
=500  \\$a1958.
=500  \\$aContributed record: Metadata reviewed, not verified. Some fields updated by batch processes.
=500  \\$aTitle from PDF title page.
=504  \\$aIncludes bibliographical references.
=650  \0$aBulkheads$xFire testing.
=650  \0$aMerchant ships$xFire testing.
=700  1\$aRyan, J. V.
=710  1\$aUnited States.$bNational Bureau of Standards.
=830  \0$aNBS report ;$v5756.
=856  4\$uhttps://dx.doi.org/10.6028/NBS.RPT.5756
=856  4\$zAddress at time of PURL creation$uhttps://www.govinfo.gov/content/pkg/GOVPUB-C13-63fb3add632c408a340388f8288b8739/pdf/GOVPUB-C13-63fb3add632c408a340388f8288b8739.pdf
=856  40$uhttps://purl.fdlp.gov/GPO/gpo98716
=049  \\$aGPOO
=922  \\$aBatch-processed
=922  \\$aNIST-1$b20180815

