=LDR  01777nam  2200421Ia 45e0
=001  001077114
=003  OCoLC
=005  20180711120946.0
=008  160829s1958\\\\mdu\\\\\ob\\\f000\0\eng\d
=024  8\$aGOVPUB-C13-cd99c5b51965d8e7cafe6cfb1a199599
=035  \\$a(OCoLC)957470392
=040  \\$aNBS$beng$erda$cNBS$dOCLCO$dOCLCF$dOCLCQ
=086  0\$aC 13.38:6116
=100  1\$aRyan, J. V.
=245  10$aSome experience gained from the use of humidity sensing elements to indicate the drying of fire test specimens /$cJ.V. Ryan.
=264  \1$aGaithersburg, MD :$bU.S. Dept. of Commerce, National Institute of Standards and Technology,$c1958.
=300  \\$a1 online resource.
=336  \\$atext$btxt$2rdacontent
=337  \\$acomputer$bc$2rdamedia
=338  \\$aonline resource$bcr$2rdacarrier
=490  1\$aNBS report ;$v6116
=500  \\$a1958.
=500  \\$aContributed record: Metadata reviewed, not verified. Some fields updated by batch processes.
=500  \\$aTitle from PDF title page.
=504  \\$aIncludes bibliographical references.
=650  \0$aBuilding materials$xFire testing.
=650  \0$aBuilding materials$xMoisture.
=650  \7$aBuilding materials$xFire testing.$2fast$0(OCoLC)fst00840740
=650  \7$aBuilding materials$xMoisture.$2fast$0(OCoLC)fst00840746
=700  1\$aRyan, J. V.
=710  1\$aUnited States.$bNational Bureau of Standards.
=830  \0$aNBS report ;$v6116.
=856  4\$uhttps://dx.doi.org/10.6028/NBS.RPT.6116
=856  4\$zAddress at time of PURL creation$uhttps://www.govinfo.gov/content/pkg/GOVPUB-C13-cd99c5b51965d8e7cafe6cfb1a199599/pdf/GOVPUB-C13-cd99c5b51965d8e7cafe6cfb1a199599.pdf
=856  40$uhttps://purl.fdlp.gov/GPO/gpo103109
=049  \\$aGPOO
=922  \\$aBatch-processed
=922  \\$aNIST-1$b20180815

