=LDR  01637nam  2200409Ia 45e0
=001  001077226
=003  OCoLC
=005  20180711120946.0
=008  160829s1958\\\\mdu\\\\\ob\\\f000\0\eng\d
=024  8\$aGOVPUB-C13-e6fcc5417252012d2c2f89d36d7b4fc8
=035  \\$a(OCoLC)957470375
=040  \\$aNBS$beng$erda$cNBS$dOCLCO$dOCLCQ$dOCLCF
=086  0\$aC 13.38:5994
=100  1\$aRyan, J. V.
=245  10$aExamination of the temperature distribution within the N.B.S. floor test furnace /$cJ.V. Ryan.
=264  \1$aGaithersburg, MD :$bU.S. Dept. of Commerce, National Institute of Standards and Technology,$c1958.
=300  \\$a1 online resource.
=336  \\$atext$btxt$2rdacontent
=337  \\$acomputer$bc$2rdamedia
=338  \\$aonline resource$bcr$2rdacarrier
=490  1\$aNBS report ;$v5994
=500  \\$a1958.
=500  \\$aContributed record: Metadata reviewed, not verified. Some fields updated by batch processes.
=500  \\$aTitle from PDF title page.
=504  \\$aIncludes bibliographical references.
=650  \0$aFloors$xFire testing.
=650  \0$aFurnaces$xTesting.
=650  \7$aFurnaces$xTesting.$2fast$0(OCoLC)fst00936484
=700  1\$aRyan, J. V.
=710  1\$aUnited States.$bNational Bureau of Standards.
=830  \0$aNBS report ;$v5994.
=856  4\$uhttps://dx.doi.org/10.6028/NBS.RPT.5994
=856  4\$zAddress at time of PURL creation$uhttps://www.govinfo.gov/content/pkg/GOVPUB-C13-e6fcc5417252012d2c2f89d36d7b4fc8/pdf/GOVPUB-C13-e6fcc5417252012d2c2f89d36d7b4fc8.pdf
=856  40$uhttps://purl.fdlp.gov/GPO/gpo104429
=049  \\$aGPOO
=922  \\$aBatch-processed
=922  \\$aNIST-1$b20180815

