=LDR  01685nam  2200409Ia 45e0
=001  001077024
=003  OCoLC
=005  20180711120946.0
=008  160829s1958\\\\mdu\\\\\ob\\\f000\0\eng\d
=024  8\$aGOVPUB-C13-b845830841701aecf6d52f46954c2053
=035  \\$a(OCoLC)957470380
=040  \\$aNBS$beng$erda$cNBS$dOCLCO$dOCLCF$dOCLCQ
=086  0\$aC 13.38:5954
=100  1\$aShoub, Harry.
=245  12$aA survey of some problems involved in a study of deluge sprinkler system for fire protection of hangars /$cHarry Shoub, E.W. Bender.
=264  \1$aGaithersburg, MD :$bU.S. Dept. of Commerce, National Institute of Standards and Technology,$c1958.
=300  \\$a1 online resource.
=336  \\$atext$btxt$2rdacontent
=337  \\$acomputer$bc$2rdamedia
=338  \\$aonline resource$bcr$2rdacarrier
=490  1\$aNBS report ;$v5954
=500  \\$a1958.
=500  \\$aContributed record: Metadata reviewed, not verified. Some fields updated by batch processes.
=500  \\$aTitle from PDF title page.
=504  \\$aIncludes bibliographical references.
=650  \0$aFire sprinklers$xTesting.
=650  \7$aFire sprinklers$xTesting.$2fast$0(OCoLC)fst00925545
=700  1\$aBender, E. W.
=700  1\$aShoub, Harry.
=710  1\$aUnited States.$bNational Bureau of Standards.
=830  \0$aNBS report ;$v5954.
=856  4\$uhttps://dx.doi.org/10.6028/NBS.RPT.5954
=856  4\$zAddress at time of PURL creation$uhttps://www.govinfo.gov/content/pkg/GOVPUB-C13-b845830841701aecf6d52f46954c2053/pdf/GOVPUB-C13-b845830841701aecf6d52f46954c2053.pdf
=856  40$uhttps://purl.fdlp.gov/GPO/gpo102230
=049  \\$aGPOO
=922  \\$aBatch-processed
=922  \\$aNIST-1$b20180815

