=LDR  01597nam  2200397Ia 45e0
=001  001076616
=003  OCoLC
=005  20180711120949.0
=008  160829s1958\\\\mdu\\\\\ob\\\f000\0\eng\d
=024  8\$aGOVPUB-C13-48556d49e30412f6d80b0163b75d4d77
=035  \\$a(OCoLC)957470523
=040  \\$aNBS$beng$erda$cNBS$dOCLCO$dOCLCQ
=086  0\$aC 13.38:5313
=100  1\$aSkoda, L. F.
=245  10$aStrength and rigidity of lap welded splices in precast reinforced concrete framing members /$cL.F. Skoda, A.F. Kirstein, D. Watstein.
=264  \1$aGaithersburg, MD :$bU.S. Dept. of Commerce, National Institute of Standards and Technology,$c1958.
=300  \\$a1 online resource.
=336  \\$atext$btxt$2rdacontent
=337  \\$acomputer$bc$2rdamedia
=338  \\$aonline resource$bcr$2rdacarrier
=490  1\$aNBS report ;$v5313
=500  \\$a1958.
=500  \\$aContributed record: Metadata reviewed, not verified. Some fields updated by batch processes.
=500  \\$aTitle from PDF title page.
=504  \\$aIncludes bibliographical references.
=700  1\$aKirstein, A. F.
=700  1\$aSkoda, L. F.
=700  1\$aWatstein, D.
=710  1\$aUnited States.$bNational Bureau of Standards.
=830  \0$aNBS report ;$v5313.
=856  4\$uhttps://dx.doi.org/10.6028/NBS.RPT.5313
=856  4\$zAddress at time of PURL creation$uhttps://www.govinfo.gov/content/pkg/GOVPUB-C13-48556d49e30412f6d80b0163b75d4d77/pdf/GOVPUB-C13-48556d49e30412f6d80b0163b75d4d77.pdf
=856  40$uhttps://purl.fdlp.gov/GPO/gpo97519
=049  \\$aGPOO
=922  \\$aBatch-processed
=922  \\$aNIST-1$b20180815

