=LDR  01668nam  2200409Ia 45e0
=001  001076926
=003  OCoLC
=005  20180711120946.0
=008  160829s1958\\\\mdu\\\\\ob\\\f000\0\eng\d
=024  8\$aGOVPUB-C13-9ee80456a10f3f96148594a9a075b663
=035  \\$a(OCoLC)957470396
=040  \\$aNBS$beng$erda$cNBS$dOCLCO$dOCLCF$dOCLCQ
=086  0\$aC 13.38:6182
=100  1\$aSkoda, Leopold F.
=245  10$aBehavior of thin-shell concrete roof panels under sustained loads /$cLeopold F. Skoda, A.F. Kirstein.
=264  \1$aGaithersburg, MD :$bU.S. Dept. of Commerce, National Institute of Standards and Technology,$c1958.
=300  \\$a1 online resource.
=336  \\$atext$btxt$2rdacontent
=337  \\$acomputer$bc$2rdamedia
=338  \\$aonline resource$bcr$2rdacarrier
=490  1\$aNBS report ;$v6182
=500  \\$a1958.
=500  \\$aContributed record: Metadata reviewed, not verified. Some fields updated by batch processes.
=500  \\$aTitle from PDF title page.
=504  \\$aIncludes bibliographical references.
=650  \0$aRoofing, Concrete$xTesting.
=650  \7$aRoofing, Concrete$xTesting.$2fast$0(OCoLC)fst01100304
=700  1\$aKirstein, A. F.
=700  1\$aSkoda, Leopold F.
=710  1\$aUnited States.$bNational Bureau of Standards.
=830  \0$aNBS report ;$v6182.
=856  4\$uhttps://dx.doi.org/10.6028/NBS.RPT.6182
=856  4\$zAddress at time of PURL creation$uhttps://www.govinfo.gov/content/pkg/GOVPUB-C13-9ee80456a10f3f96148594a9a075b663/pdf/GOVPUB-C13-9ee80456a10f3f96148594a9a075b663.pdf
=856  40$uhttps://purl.fdlp.gov/GPO/gpo101183
=049  \\$aGPOO
=922  \\$aBatch-processed
=922  \\$aNIST-1$b20180815

