=LDR  01668nam  2200397Ia 45e0
=001  001076676
=003  OCoLC
=005  20180711120934.0
=008  160829s1958\\\\mdu\\\\\ob\\\f000\0\eng\d
=024  8\$aGOVPUB-C13-56bbc2fb1e107b808dc2031e205fe707
=035  \\$a(OCoLC)957470400
=040  \\$aNBS$beng$erda$cNBS$dOCLCO$dOCLCQ
=086  0\$aC 13.38:6227
=100  1\$aSnider, Hazel S.
=245  10$aAmerican Standards Association, Inc. :$bits functions, history, and relation to the Department of Commerce and to the National Bureau of Standards /$cHazel S. Snider.
=264  \1$aGaithersburg, MD :$bU.S. Dept. of Commerce, National Institute of Standards and Technology,$c1958.
=300  \\$a1 online resource.
=336  \\$atext$btxt$2rdacontent
=337  \\$acomputer$bc$2rdamedia
=338  \\$aonline resource$bcr$2rdacarrier
=490  1\$aNBS report ;$v6227
=500  \\$a1958.
=500  \\$aContributed record: Metadata reviewed, not verified. Some fields updated by batch processes.
=500  \\$aTitle from PDF title page.
=504  \\$aIncludes bibliographical references.
=610  20$aAmerican Standards Association.
=650  \0$aStandards$xSocieties, etc.
=700  1\$aSnider, Hazel S.
=710  1\$aUnited States.$bNational Bureau of Standards.
=830  \0$aNBS report ;$v6227.
=856  4\$uhttps://dx.doi.org/10.6028/NBS.RPT.6227
=856  4\$zAddress at time of PURL creation$uhttps://www.govinfo.gov/content/pkg/GOVPUB-C13-56bbc2fb1e107b808dc2031e205fe707/pdf/GOVPUB-C13-56bbc2fb1e107b808dc2031e205fe707.pdf
=856  40$uhttps://purl.fdlp.gov/GPO/gpo98060
=049  \\$aGPOO
=922  \\$aBatch-processed
=922  \\$aNIST-1$b20180815

