=LDR  01630nam  2200409Ia 45e0
=001  001076529
=003  OCoLC
=005  20180711120947.0
=008  160829s1959\\\\mdu\\\\\ob\\\f000\0\eng\d
=024  8\$aGOVPUB-C13-3428bfccf3cc41644dc099d15777ccbb
=035  \\$a(OCoLC)957470421
=040  \\$aNBS$beng$erda$cNBS$dOCLCO$dOCLCQ$dOCLCF
=086  0\$aC 13.38:6396
=100  1\$aBryson, James.
=245  10$aTest of precast concrete shower receptors /$cJames O. Bryson.
=264  \1$aGaithersburg, MD :$bU.S. Dept. of Commerce, National Institute of Standards and Technology,$c1959.
=300  \\$a1 online resource.
=336  \\$atext$btxt$2rdacontent
=337  \\$acomputer$bc$2rdamedia
=338  \\$aonline resource$bcr$2rdacarrier
=490  1\$aNBS report ;$v6396
=500  \\$a1959.
=500  \\$aContributed record: Metadata reviewed, not verified. Some fields updated by batch processes.
=500  \\$aTitle from PDF title page.
=504  \\$aIncludes bibliographical references.
=650  \0$aPrecast concrete$xFlexure.
=650  \0$aPrecast concrete$xTesting.
=650  \7$aPrecast concrete$xTesting.$2fast$0(OCoLC)fst01074857
=700  1\$aBryson, James.
=710  1\$aUnited States.$bNational Bureau of Standards.
=830  \0$aNBS report ;$v6396.
=856  4\$uhttps://dx.doi.org/10.6028/NBS.RPT.6396
=856  4\$zAddress at time of PURL creation$uhttps://www.govinfo.gov/content/pkg/GOVPUB-C13-3428bfccf3cc41644dc099d15777ccbb/pdf/GOVPUB-C13-3428bfccf3cc41644dc099d15777ccbb.pdf
=856  40$uhttps://purl.fdlp.gov/GPO/gpo96574
=049  \\$aGPOO
=922  \\$aBatch-processed
=922  \\$aNIST-1$b20180815

