=LDR  01700nam  2200421Ia 45e0
=001  001076683
=003  OCoLC
=005  20180711120947.0
=008  160829s1959\\\\mdu\\\\\ob\\\f000\0\eng\d
=024  8\$aGOVPUB-C13-5850a8a2bf84b8769ca3da5c4f20b12f
=035  \\$a(OCoLC)957470440
=040  \\$aNBS$beng$erda$cNBS$dOCLCO$dOCLCQ$dOCLCF
=086  0\$aC 13.38:6499
=100  1\$aBryson, James.
=245  10$aDrying shrinkage of concrete masonry units determined by different methods /$cJ.O. Bryson, D. Watstein.
=264  \1$aGaithersburg, MD :$bU.S. Dept. of Commerce, National Institute of Standards and Technology,$c1959.
=300  \\$a1 online resource.
=336  \\$atext$btxt$2rdacontent
=337  \\$acomputer$bc$2rdamedia
=338  \\$aonline resource$bcr$2rdacarrier
=490  1\$aNBS report ;$v6499
=500  \\$a1959.
=500  \\$aContributed record: Metadata reviewed, not verified. Some fields updated by batch processes.
=500  \\$aTitle from PDF title page.
=504  \\$aIncludes bibliographical references.
=650  \0$aConcrete masonry$xDrying.
=650  \0$aConcrete masonry$xTesting.
=650  \7$aConcrete masonry$xTesting.$2fast$0(OCoLC)fst00874330
=700  1\$aBryson, James.
=700  1\$aWatstein, D.
=710  1\$aUnited States.$bNational Bureau of Standards.
=830  \0$aNBS report ;$v6499.
=856  4\$uhttps://dx.doi.org/10.6028/NBS.RPT.6499
=856  4\$zAddress at time of PURL creation$uhttps://www.govinfo.gov/content/pkg/GOVPUB-C13-5850a8a2bf84b8769ca3da5c4f20b12f/pdf/GOVPUB-C13-5850a8a2bf84b8769ca3da5c4f20b12f.pdf
=856  40$uhttps://purl.fdlp.gov/GPO/gpo98117
=049  \\$aGPOO
=922  \\$aBatch-processed
=922  \\$aNIST-1$b20180815

