=LDR  01637nam  2200397Ia 45e0
=001  001076938
=003  OCoLC
=005  20180711120947.0
=008  160829s1959\\\\mdu\\\\\ob\\\f000\0\eng\d
=024  8\$aGOVPUB-C13-a2b5fdf8ba8a560e6562c48974d74e31
=035  \\$a(OCoLC)957470446
=040  \\$aNBS$beng$erda$cNBS$dOCLCO$dOCLCQ
=086  0\$aC 13.38:6545
=100  1\$aCoblentz, C. W.
=245  10$aVentilation studies at Lochraven Hospital :$bprogress report for the period (September 1, 1958 to June 30, 1959) /$cC.W. Coblentz, Paul R. Achenbach, E.F. Kramer.
=264  \1$aGaithersburg, MD :$bU.S. Dept. of Commerce, National Institute of Standards and Technology,$c1959.
=300  \\$a1 online resource.
=336  \\$atext$btxt$2rdacontent
=337  \\$acomputer$bc$2rdamedia
=338  \\$aonline resource$bcr$2rdacarrier
=490  1\$aNBS report ;$v6545
=500  \\$a1959.
=500  \\$aContributed record: Metadata reviewed, not verified. Some fields updated by batch processes.
=500  \\$aTitle from PDF title page.
=504  \\$aIncludes bibliographical references.
=700  1\$aAchenbach, Paul R.
=700  1\$aCoblentz, C. W.
=700  1\$aKramer, E. F.
=710  1\$aUnited States.$bNational Bureau of Standards.
=830  \0$aNBS report ;$v6545.
=856  4\$uhttps://dx.doi.org/10.6028/NBS.RPT.6545
=856  4\$zAddress at time of PURL creation$uhttps://www.govinfo.gov/content/pkg/GOVPUB-C13-a2b5fdf8ba8a560e6562c48974d74e31/pdf/GOVPUB-C13-a2b5fdf8ba8a560e6562c48974d74e31.pdf
=856  40$uhttps://purl.fdlp.gov/GPO/gpo101342
=049  \\$aGPOO
=922  \\$aBatch-processed
=922  \\$aNIST-1$b20180815

