=LDR  01671nam  2200409Ia 45e0
=001  001076410
=003  OCoLC
=005  20180711120946.0
=008  160829s1959\\\\mdu\\\\\ob\\\f000\0\eng\d
=024  8\$aGOVPUB-C13-18b14171c04811d7eec22b7e88750bee
=035  \\$a(OCoLC)957470390
=040  \\$aNBS$beng$erda$cNBS$dOCLCO$dOCLCF$dOCLCQ
=086  0\$aC 13.38:6498
=100  1\$aCoblentz, Carl W.
=245  10$aPerformance test of a Westinghouse "Precipitron" electrostatic air cleaner /$cCarl W. Coblentz, Paul R. Achenbach.
=264  \1$aGaithersburg, MD :$bU.S. Dept. of Commerce, National Institute of Standards and Technology,$c1959.
=300  \\$a1 online resource.
=336  \\$atext$btxt$2rdacontent
=337  \\$acomputer$bc$2rdamedia
=338  \\$aonline resource$bcr$2rdacarrier
=490  1\$aNBS report ;$v6498
=500  \\$a1959.
=500  \\$aContributed record: Metadata reviewed, not verified. Some fields updated by batch processes.
=500  \\$aTitle from PDF title page.
=504  \\$aIncludes bibliographical references.
=650  \0$aAir filters$xTesting.
=650  \7$aAir filters$xTesting.$2fast$0(OCoLC)fst00802369
=700  1\$aAchenbach, Paul R.
=700  1\$aCoblentz, Carl W.
=710  1\$aUnited States.$bNational Bureau of Standards.
=830  \0$aNBS report ;$v6498.
=856  4\$uhttps://dx.doi.org/10.6028/NBS.RPT.6498
=856  4\$zAddress at time of PURL creation$uhttps://www.govinfo.gov/content/pkg/GOVPUB-C13-18b14171c04811d7eec22b7e88750bee/pdf/GOVPUB-C13-18b14171c04811d7eec22b7e88750bee.pdf
=856  40$uhttps://purl.fdlp.gov/GPO/gpo95333
=049  \\$aGPOO
=922  \\$aBatch-processed
=922  \\$aNIST-1$b20180815

