=LDR  01616nam  2200397Ia 45e0
=001  001076855
=003  OCoLC
=005  20180711120947.0
=008  160829s1959\\\\mdu\\\\\ob\\\f000\0\eng\d
=024  8\$aGOVPUB-C13-893b21277159b08feac517cdb8cad95e
=035  \\$a(OCoLC)957470416
=040  \\$aNBS$beng$erda$cNBS$dOCLCO$dOCLCQ
=086  0\$aC 13.38:6367
=100  1\$aCole, Selden D.
=245  12$aA study of the causes of failure of the burners and upper air tubes in the Army tent stove /$cSelden D. Cole, Paul R. Achenbach.
=264  \1$aGaithersburg, MD :$bU.S. Dept. of Commerce, National Institute of Standards and Technology,$c1959.
=300  \\$a1 online resource.
=336  \\$atext$btxt$2rdacontent
=337  \\$acomputer$bc$2rdamedia
=338  \\$aonline resource$bcr$2rdacarrier
=490  1\$aNBS report ;$v6367
=500  \\$a1959.
=500  \\$aContributed record: Metadata reviewed, not verified. Some fields updated by batch processes.
=500  \\$aTitle from PDF title page.
=504  \\$aIncludes bibliographical references.
=650  \0$aStoves, Gasoline$xTesting.
=700  1\$aAchenbach, Paul R.
=700  1\$aCole, Selden D.
=710  1\$aUnited States.$bNational Bureau of Standards.
=830  \0$aNBS report ;$v6367.
=856  4\$uhttps://dx.doi.org/10.6028/NBS.RPT.6367
=856  4\$zAddress at time of PURL creation$uhttps://www.govinfo.gov/content/pkg/GOVPUB-C13-893b21277159b08feac517cdb8cad95e/pdf/GOVPUB-C13-893b21277159b08feac517cdb8cad95e.pdf
=856  40$uhttps://purl.fdlp.gov/GPO/gpo100355
=049  \\$aGPOO
=922  \\$aBatch-processed
=922  \\$aNIST-1$b20180815

