=LDR  01714nam  2200409Ia 45e0
=001  001077228
=003  OCoLC
=005  20180711120947.0
=008  160829s1959\\\\mdu\\\\\ob\\\f000\0\eng\d
=024  8\$aGOVPUB-C13-e75644a588797c421646ee4e80bb5ebd
=035  \\$a(OCoLC)957470437
=040  \\$aNBS$beng$erda$cNBS$dOCLCO$dOCLCQ$dOCLCF
=086  0\$aC 13.38:6453
=100  1\$aCreitz, E. C.
=245  10$aMechanisms of fire ignition and extinguishment :$bsixth progress report covering period 1 January to 30 June 1959 /$cE.C. Creitz.
=264  \1$aGaithersburg, MD :$bU.S. Dept. of Commerce, National Institute of Standards and Technology,$c1959.
=300  \\$a1 online resource.
=336  \\$atext$btxt$2rdacontent
=337  \\$acomputer$bc$2rdamedia
=338  \\$aonline resource$bcr$2rdacarrier
=490  1\$aNBS report ;$v6453
=500  \\$a1959.
=500  \\$aContributed record: Metadata reviewed, not verified. Some fields updated by batch processes.
=500  \\$aTitle from PDF title page.
=504  \\$aIncludes bibliographical references.
=650  \0$aFire extinction$xTesting.
=650  \0$aFire extinguishing agents$xTesting.
=650  \7$aFire extinguishing agents$xTesting.$2fast$0(OCoLC)fst00925378
=700  1\$aCreitz, E. C.
=710  1\$aUnited States.$bNational Bureau of Standards.
=830  \0$aNBS report ;$v6453.
=856  4\$uhttps://dx.doi.org/10.6028/NBS.RPT.6453
=856  4\$zAddress at time of PURL creation$uhttps://www.govinfo.gov/content/pkg/GOVPUB-C13-e75644a588797c421646ee4e80bb5ebd/pdf/GOVPUB-C13-e75644a588797c421646ee4e80bb5ebd.pdf
=856  40$uhttps://purl.fdlp.gov/GPO/gpo104444
=049  \\$aGPOO
=922  \\$aBatch-processed
=922  \\$aNIST-1$b20180815

