=LDR  01568nam  2200385Ia 45e0
=001  001077173
=003  OCoLC
=005  20180711120947.0
=008  160829s1959\\\\mdu\\\\\ob\\\f000\0\eng\d
=024  8\$aGOVPUB-C13-db9ca5e5edacff2a0640ef32b9f0f9f8
=035  \\$a(OCoLC)957470419
=040  \\$aNBS$beng$erda$cNBS$dOCLCO$dOCLCQ
=086  0\$aC 13.38:6389
=100  1\$aCullen, William C.
=245  10$aPerformance tests of protected metals, series 1959, color protected metals /$cWilliam C. Cullen, Edgar H. MacArthur.
=264  \1$aGaithersburg, MD :$bU.S. Dept. of Commerce, National Institute of Standards and Technology,$c1959.
=300  \\$a1 online resource.
=336  \\$atext$btxt$2rdacontent
=337  \\$acomputer$bc$2rdamedia
=338  \\$aonline resource$bcr$2rdacarrier
=490  1\$aNBS report ;$v6389
=500  \\$a1959.
=500  \\$aContributed record: Metadata reviewed, not verified. Some fields updated by batch processes.
=500  \\$aTitle from PDF title page.
=504  \\$aIncludes bibliographical references.
=700  1\$aCullen, William C.
=700  1\$aMacArthur, Edgar H.
=710  1\$aUnited States.$bNational Bureau of Standards.
=830  \0$aNBS report ;$v6389.
=856  4\$uhttps://dx.doi.org/10.6028/NBS.RPT.6389
=856  4\$zAddress at time of PURL creation$uhttps://www.govinfo.gov/content/pkg/GOVPUB-C13-db9ca5e5edacff2a0640ef32b9f0f9f8/pdf/GOVPUB-C13-db9ca5e5edacff2a0640ef32b9f0f9f8.pdf
=856  40$uhttps://purl.fdlp.gov/GPO/gpo103903
=049  \\$aGPOO
=922  \\$aBatch-processed
=922  \\$aNIST-1$b20180815

