=LDR  01569nam  2200397Ia 45e0
=001  001076907
=003  OCoLC
=005  20180711120947.0
=008  160829s1959\\\\mdu\\\\\ob\\\f000\0\eng\d
=024  8\$aGOVPUB-C13-96648dc3f74e67c44c3827c08d61383e
=035  \\$a(OCoLC)957470425
=040  \\$aNBS$beng$erda$cNBS$dOCLCO$dOCLCQ
=086  0\$aC 13.38:6403
=100  1\$aDavis, J. C.
=245  10$aCapacity tests of General Electric heat pump model 21 WT33G1 /$cJ.C. Davis, W.M. Ellis, P.R. Achenbach.
=264  \1$aGaithersburg, MD :$bU.S. Dept. of Commerce, National Institute of Standards and Technology,$c1959.
=300  \\$a1 online resource.
=336  \\$atext$btxt$2rdacontent
=337  \\$acomputer$bc$2rdamedia
=338  \\$aonline resource$bcr$2rdacarrier
=490  1\$aNBS report ;$v6403
=500  \\$a1959.
=500  \\$aContributed record: Metadata reviewed, not verified. Some fields updated by batch processes.
=500  \\$aTitle from PDF title page.
=504  \\$aIncludes bibliographical references.
=700  1\$aAchenbach, P. R.
=700  1\$aDavis, J. C.
=700  1\$aEllis, W. M.
=710  1\$aUnited States.$bNational Bureau of Standards.
=830  \0$aNBS report ;$v6403.
=856  4\$uhttps://dx.doi.org/10.6028/NBS.RPT.6403
=856  4\$zAddress at time of PURL creation$uhttps://www.govinfo.gov/content/pkg/GOVPUB-C13-96648dc3f74e67c44c3827c08d61383e/pdf/GOVPUB-C13-96648dc3f74e67c44c3827c08d61383e.pdf
=856  40$uhttps://purl.fdlp.gov/GPO/gpo100885
=049  \\$aGPOO
=922  \\$aBatch-processed
=922  \\$aNIST-1$b20180815

