=LDR  01783nam  2200409Ia 45e0
=001  001076400
=003  OCoLC
=005  20180711120947.0
=008  160829s1959\\\\mdu\\\\\ob\\\f000\0\eng\d
=024  8\$aGOVPUB-C13-15ce6efc8d51cf5928f56aa63ccbc703
=035  \\$a(OCoLC)957470417
=040  \\$aNBS$beng$erda$cNBS$dOCLCO$dOCLCF$dOCLCQ
=086  0\$aC 13.38:6378
=100  1\$aDrapeau, F. J. Jerome.
=245  10$aCapacity tests of two remote air-cooled size B, class I refrigerant condensers :$bmanufactured by Dunham-Bush, Inc. /$cF.J. Jerome Drapeau, Carl W. Phillips.
=264  \1$aGaithersburg, MD :$bU.S. Dept. of Commerce, National Institute of Standards and Technology,$c1959.
=300  \\$a1 online resource.
=336  \\$atext$btxt$2rdacontent
=337  \\$acomputer$bc$2rdamedia
=338  \\$aonline resource$bcr$2rdacarrier
=490  1\$aNBS report ;$v6378
=500  \\$a1959.
=500  \\$aContributed record: Metadata reviewed, not verified. Some fields updated by batch processes.
=500  \\$aTitle from PDF title page.
=504  \\$aIncludes bibliographical references.
=650  \0$aRefrigeration and refrigerating machinery$xTesting.
=650  \7$aRefrigeration and refrigerating machinery$xTesting.$2fast$0(OCoLC)fst01092744
=700  1\$aDrapeau, F. J. Jerome.
=700  1\$aPhillips, Carl W.
=710  1\$aUnited States.$bNational Bureau of Standards.
=830  \0$aNBS report ;$v6378.
=856  4\$uhttps://dx.doi.org/10.6028/NBS.RPT.6378
=856  4\$zAddress at time of PURL creation$uhttps://www.govinfo.gov/content/pkg/GOVPUB-C13-15ce6efc8d51cf5928f56aa63ccbc703/pdf/GOVPUB-C13-15ce6efc8d51cf5928f56aa63ccbc703.pdf
=856  40$uhttps://purl.fdlp.gov/GPO/gpo95171
=049  \\$aGPOO
=922  \\$aBatch-processed
=922  \\$aNIST-1$b20180815

