=LDR  01683nam  2200409Ia 45e0
=001  001077088
=003  OCoLC
=005  20180711120947.0
=008  160829s1959\\\\mdu\\\\\ob\\\f000\0\eng\d
=024  8\$aGOVPUB-C13-c874b9e6375df4305c7be6163d105e1a
=035  \\$a(OCoLC)957470433
=040  \\$aNBS$beng$erda$cNBS$dOCLCO$dOCLCF$dOCLCQ
=086  0\$aC 13.38:6420
=100  1\$aDrapeau, F. J. Jerome.
=245  10$aCapacity test of a remote air-cooled size B, class I refrigerant condenser /$cF.J. Jerome Drapeau, Carl W. Phillips.
=264  \1$aGaithersburg, MD :$bU.S. Dept. of Commerce, National Institute of Standards and Technology,$c1959.
=300  \\$a1 online resource.
=336  \\$atext$btxt$2rdacontent
=337  \\$acomputer$bc$2rdamedia
=338  \\$aonline resource$bcr$2rdacarrier
=490  1\$aNBS report ;$v6420
=500  \\$a1959.
=500  \\$aContributed record: Metadata reviewed, not verified. Some fields updated by batch processes.
=500  \\$aTitle from PDF title page.
=504  \\$aIncludes bibliographical references.
=650  \0$aAir filters$xTesting.
=650  \7$aAir filters$xTesting.$2fast$0(OCoLC)fst00802369
=700  1\$aDrapeau, F. J. Jerome.
=700  1\$aPhillips, Carl W.
=710  1\$aUnited States.$bNational Bureau of Standards.
=830  \0$aNBS report ;$v6420.
=856  4\$uhttps://dx.doi.org/10.6028/NBS.RPT.6420
=856  4\$zAddress at time of PURL creation$uhttps://www.govinfo.gov/content/pkg/GOVPUB-C13-c874b9e6375df4305c7be6163d105e1a/pdf/GOVPUB-C13-c874b9e6375df4305c7be6163d105e1a.pdf
=856  40$uhttps://purl.fdlp.gov/GPO/gpo102904
=049  \\$aGPOO
=922  \\$aBatch-processed
=922  \\$aNIST-1$b20180815

