=LDR  01762nam  2200433Ia 45e0
=001  001076842
=003  OCoLC
=005  20180711120945.0
=008  160829s1959\\\\mdu\\\\\ob\\\f000\0\eng\d
=024  8\$aGOVPUB-C13-84a06d05ad482fa1173d6ba3ff3b0a62
=035  \\$a(OCoLC)957470333
=040  \\$aNBS$beng$erda$cNBS$dOCLCO$dOCLCQ$dOCLCF
=086  0\$aC 13.38:6256
=100  1\$aFalzone, John P.
=245  12$aA rapid method for predicting the durability of coating-grade roofing asphalts /$cJohn P. Falzone, George D. McDonald.
=264  \1$aGaithersburg, MD :$bU.S. Dept. of Commerce, National Institute of Standards and Technology,$c1959.
=300  \\$a1 online resource.
=336  \\$atext$btxt$2rdacontent
=337  \\$acomputer$bc$2rdamedia
=338  \\$aonline resource$bcr$2rdacarrier
=490  1\$aNBS report ;$v6256
=500  \\$a1959.
=500  \\$aContributed record: Metadata reviewed, not verified. Some fields updated by batch processes.
=500  \\$aTitle from PDF title page.
=504  \\$aIncludes bibliographical references.
=650  \0$aAsphalt$xService life (Engineering)
=650  \0$aAsphaltene$xService life (Engineering)
=650  \0$aWeathering.
=650  \7$aWeathering.$2fast$0(OCoLC)fst01173186
=700  1\$aFalzone, John P.
=700  1\$aMcDonald, George D.
=710  1\$aUnited States.$bNational Bureau of Standards.
=830  \0$aNBS report ;$v6256.
=856  4\$uhttps://dx.doi.org/10.6028/NBS.RPT.6256
=856  4\$zAddress at time of PURL creation$uhttps://www.govinfo.gov/content/pkg/GOVPUB-C13-84a06d05ad482fa1173d6ba3ff3b0a62/pdf/GOVPUB-C13-84a06d05ad482fa1173d6ba3ff3b0a62.pdf
=856  40$uhttps://purl.fdlp.gov/GPO/gpo100185
=049  \\$aGPOO
=922  \\$aBatch-processed
=922  \\$aNIST-1$b20180815

