=LDR  01820nam  2200421Ia 45e0
=001  001077185
=003  OCoLC
=005  20180711120947.0
=008  160829s1959\\\\mdu\\\\\ob\\\f000\0\eng\d
=024  8\$aGOVPUB-C13-dd4b8ab3bae242deba539d327b3b0354
=035  \\$a(OCoLC)957470444
=040  \\$aNBS$beng$erda$cNBS$dOCLCO$dOCLCF$dOCLCQ
=086  0\$aC 13.38:6530
=100  1\$aFouquet, Bernard H.
=245  10$aMethods adopted in the U.S.S.R. for the study of fire resistance of building elements and some of the results obtained /$cBernard H. Fouquet.
=264  \1$aGaithersburg, MD :$bU.S. Dept. of Commerce, National Institute of Standards and Technology,$c1959.
=300  \\$a1 online resource.
=336  \\$atext$btxt$2rdacontent
=337  \\$acomputer$bc$2rdamedia
=338  \\$aonline resource$bcr$2rdacarrier
=490  1\$aNBS report ;$v6530
=500  \\$a1959.
=500  \\$aContributed record: Metadata reviewed, not verified. Some fields updated by batch processes.
=500  \\$aTitle from PDF title page.
=504  \\$aIncludes bibliographical references.
=650  \0$aBuilding materials$xFire testing.
=650  \0$aFire resistant materials$xTesting.
=650  \7$aBuilding materials$xFire testing.$2fast$0(OCoLC)fst00840740
=650  \7$aFire resistant materials$xTesting.$2fast$0(OCoLC)fst00925523
=700  1\$aFouquet, Bernard H.
=710  1\$aUnited States.$bNational Bureau of Standards.
=830  \0$aNBS report ;$v6530.
=856  4\$uhttps://dx.doi.org/10.6028/NBS.RPT.6530
=856  4\$zAddress at time of PURL creation$uhttps://www.govinfo.gov/content/pkg/GOVPUB-C13-dd4b8ab3bae242deba539d327b3b0354/pdf/GOVPUB-C13-dd4b8ab3bae242deba539d327b3b0354.pdf
=856  40$uhttps://purl.fdlp.gov/GPO/gpo103996
=049  \\$aGPOO
=922  \\$aBatch-processed
=922  \\$aNIST-1$b20180815

