=LDR  01664nam  2200409Ia 45e0
=001  001077025
=003  OCoLC
=005  20180711120945.0
=008  160829s1959\\\\mdu\\\\\ob\\\f000\0\eng\d
=024  8\$aGOVPUB-C13-b851644dba41c3544dd3513e9bf34e7d
=035  \\$a(OCoLC)957470334
=040  \\$aNBS$beng$erda$cNBS$dOCLCO$dOCLCQ$dOCLCF
=086  0\$aC 13.38:6260
=100  1\$aGoddard, William F.
=245  10$aAir flow measurements in a laboratory fume hood, Fisher Scientific Co., type 17-105 /$cWilliam F. Goddard.
=264  \1$aGaithersburg, MD :$bU.S. Dept. of Commerce, National Institute of Standards and Technology,$c1959.
=300  \\$a1 online resource.
=336  \\$atext$btxt$2rdacontent
=337  \\$acomputer$bc$2rdamedia
=338  \\$aonline resource$bcr$2rdacarrier
=490  1\$aNBS report ;$v6260
=500  \\$a1959.
=500  \\$aContributed record: Metadata reviewed, not verified. Some fields updated by batch processes.
=500  \\$aTitle from PDF title page.
=504  \\$aIncludes bibliographical references.
=650  \0$aAir flow$xTesting.
=650  \0$aFume hoods$xTesting.
=650  \7$aAir flow$xTesting.$2fast$0(OCoLC)fst00802377
=700  1\$aGoddard, William F.
=710  1\$aUnited States.$bNational Bureau of Standards.
=830  \0$aNBS report ;$v6260.
=856  4\$uhttps://dx.doi.org/10.6028/NBS.RPT.6260
=856  4\$zAddress at time of PURL creation$uhttps://www.govinfo.gov/content/pkg/GOVPUB-C13-b851644dba41c3544dd3513e9bf34e7d/pdf/GOVPUB-C13-b851644dba41c3544dd3513e9bf34e7d.pdf
=856  40$uhttps://purl.fdlp.gov/GPO/gpo102233
=049  \\$aGPOO
=922  \\$aBatch-processed
=922  \\$aNIST-1$b20180815

