=LDR  01598nam  2200397Ia 45e0
=001  001076642
=003  OCoLC
=005  20180711120947.0
=008  160829s1959\\\\mdu\\\\\ob\\\f000\0\eng\d
=024  8\$aGOVPUB-C13-4d7772ecaf52ca49a694cfa13fb75c4b
=035  \\$a(OCoLC)957470412
=040  \\$aNBS$beng$erda$cNBS$dOCLCO$dOCLCF$dOCLCQ
=086  0\$aC 13.38:6319
=100  1\$aGross, Daniel.
=245  10$aRound robin flame spread tests by the radiant panel test method /$cDaniel Gross.
=264  \1$aGaithersburg, MD :$bU.S. Dept. of Commerce, National Institute of Standards and Technology,$c1959.
=300  \\$a1 online resource.
=336  \\$atext$btxt$2rdacontent
=337  \\$acomputer$bc$2rdamedia
=338  \\$aonline resource$bcr$2rdacarrier
=490  1\$aNBS report ;$v6319
=500  \\$a1959.
=500  \\$aContributed record: Metadata reviewed, not verified. Some fields updated by batch processes.
=500  \\$aTitle from PDF title page.
=504  \\$aIncludes bibliographical references.
=650  \0$aFlame spread$xTesting.
=650  \7$aFlame spread$xTesting.$2fast$0(OCoLC)fst00926990
=700  1\$aGross, Daniel.
=710  1\$aUnited States.$bNational Bureau of Standards.
=830  \0$aNBS report ;$v6319.
=856  4\$uhttps://dx.doi.org/10.6028/NBS.RPT.6319
=856  4\$zAddress at time of PURL creation$uhttps://www.govinfo.gov/content/pkg/GOVPUB-C13-4d7772ecaf52ca49a694cfa13fb75c4b/pdf/GOVPUB-C13-4d7772ecaf52ca49a694cfa13fb75c4b.pdf
=856  40$uhttps://purl.fdlp.gov/GPO/gpo97711
=049  \\$aGPOO
=922  \\$aBatch-processed
=922  \\$aNIST-1$b20180815

