=LDR  01667nam  2200409Ia 45e0
=001  001077064
=003  OCoLC
=005  20180711120947.0
=008  160829s1959\\\\mdu\\\\\ob\\\f000\0\eng\d
=024  8\$aGOVPUB-C13-c24a4a6702a6e0786b9918a6ad5d1b34
=035  \\$a(OCoLC)957470441
=040  \\$aNBS$beng$erda$cNBS$dOCLCO$dOCLCQ$dOCLCF
=086  0\$aC 13.38:6523
=100  1\$aHockman, Arthur.
=245  10$aStudy of the properties of rubber base calking materials :$bprogress report no. 1 /$cArthur Hockman.
=264  \1$aGaithersburg, MD :$bU.S. Dept. of Commerce, National Institute of Standards and Technology,$c1959.
=300  \\$a1 online resource.
=336  \\$atext$btxt$2rdacontent
=337  \\$acomputer$bc$2rdamedia
=338  \\$aonline resource$bcr$2rdacarrier
=490  1\$aNBS report ;$v6523
=500  \\$a1959.
=500  \\$aContributed record: Metadata reviewed, not verified. Some fields updated by batch processes.
=500  \\$aTitle from PDF title page.
=504  \\$aIncludes bibliographical references.
=650  \0$aCaulking$xTesting.
=650  \0$aSealing compounds$xTesting.
=650  \7$aSealing compounds$xTesting$2fast$0(OCoLC)fst01110299
=700  1\$aHockman, Arthur.
=710  1\$aUnited States.$bNational Bureau of Standards.
=830  \0$aNBS report ;$v6523.
=856  4\$uhttps://dx.doi.org/10.6028/NBS.RPT.6523
=856  4\$zAddress at time of PURL creation$uhttps://www.govinfo.gov/content/pkg/GOVPUB-C13-c24a4a6702a6e0786b9918a6ad5d1b34/pdf/GOVPUB-C13-c24a4a6702a6e0786b9918a6ad5d1b34.pdf
=856  40$uhttps://purl.fdlp.gov/GPO/gpo102649
=049  \\$aGPOO
=922  \\$aBatch-processed
=922  \\$aNIST-1$b20180815

