=LDR  01700nam  2200409Ia 45e0
=001  001077160
=003  OCoLC
=005  20180711120947.0
=008  160829s1959\\\\mdu\\\\\ob\\\f000\0\eng\d
=024  8\$aGOVPUB-C13-d82048ecfd6af29609a697fd2af4b470
=035  \\$a(OCoLC)957470413
=040  \\$aNBS$beng$erda$cNBS$dOCLCO$dOCLCQ$dOCLCF
=086  0\$aC 13.38:6321
=100  1\$aKirstein, Arthur F.
=245  10$aTests of prestressed cellular slabs :$b(series of slabs nos. 1 through 29) final report /$cArthur F. Kirstein.
=264  \1$aGaithersburg, MD :$bU.S. Dept. of Commerce, National Institute of Standards and Technology,$c1959.
=300  \\$a1 online resource.
=336  \\$atext$btxt$2rdacontent
=337  \\$acomputer$bc$2rdamedia
=338  \\$aonline resource$bcr$2rdacarrier
=490  1\$aNBS report ;$v6321
=500  \\$a1959.
=500  \\$aContributed record: Metadata reviewed, not verified. Some fields updated by batch processes.
=500  \\$aTitle from PDF title page.
=504  \\$aIncludes bibliographical references.
=650  \0$aLoad factor design$xTesting.
=650  \0$aPrestressed concrete$xTesting.
=650  \7$aPrestressed concrete$xTesting.$2fast$0(OCoLC)fst01076054
=700  1\$aKirstein, Arthur F.
=710  1\$aUnited States.$bNational Bureau of Standards.
=830  \0$aNBS report ;$v6321.
=856  4\$uhttps://dx.doi.org/10.6028/NBS.RPT.6321
=856  4\$zAddress at time of PURL creation$uhttps://www.govinfo.gov/content/pkg/GOVPUB-C13-d82048ecfd6af29609a697fd2af4b470/pdf/GOVPUB-C13-d82048ecfd6af29609a697fd2af4b470.pdf
=856  40$uhttps://purl.fdlp.gov/GPO/gpo103752
=049  \\$aGPOO
=922  \\$aBatch-processed
=922  \\$aNIST-1$b20180815

