=LDR  01716nam  2200421Ia 45e0
=001  001076435
=003  OCoLC
=005  20180711120947.0
=008  160829s1959\\\\mdu\\\\\ob\\\f000\0\eng\d
=024  8\$aGOVPUB-C13-1e6b8770403dd3bc8d6a7ef8e46a2d80
=035  \\$a(OCoLC)957470445
=040  \\$aNBS$beng$erda$cNBS$dOCLCO$dOCLCQ$dOCLCF
=086  0\$aC 13.38:6531
=100  1\$aLee, T. G.
=245  10$aExtinguishment effectiveness of some powdered materials on hydrocarbon fires /$cT.G. Lee, A.F. Robertson.
=264  \1$aGaithersburg, MD :$bU.S. Dept. of Commerce, National Institute of Standards and Technology,$c1959.
=300  \\$a1 online resource.
=336  \\$atext$btxt$2rdacontent
=337  \\$acomputer$bc$2rdamedia
=338  \\$aonline resource$bcr$2rdacarrier
=490  1\$aNBS report ;$v6531
=500  \\$a1959.
=500  \\$aContributed record: Metadata reviewed, not verified. Some fields updated by batch processes.
=500  \\$aTitle from PDF title page.
=504  \\$aIncludes bibliographical references.
=650  \0$aFire extinction$xTesting.
=650  \0$aFire extinguishing agents$xTesting.
=650  \7$aFire extinguishing agents$xTesting.$2fast$0(OCoLC)fst00925378
=700  1\$aLee, T. G.
=700  1\$aRobertson, A. F.
=710  1\$aUnited States.$bNational Bureau of Standards.
=830  \0$aNBS report ;$v6531.
=856  4\$uhttps://dx.doi.org/10.6028/NBS.RPT.6531
=856  4\$zAddress at time of PURL creation$uhttps://www.govinfo.gov/content/pkg/GOVPUB-C13-1e6b8770403dd3bc8d6a7ef8e46a2d80/pdf/GOVPUB-C13-1e6b8770403dd3bc8d6a7ef8e46a2d80.pdf
=856  40$uhttps://purl.fdlp.gov/GPO/gpo95593
=049  \\$aGPOO
=922  \\$aBatch-processed
=922  \\$aNIST-1$b20180815

