=LDR  01551nam  2200397Ia 45e0
=001  001076542
=003  OCoLC
=005  20180711120947.0
=008  160829s1959\\\\mdu\\\\\ob\\\f000\0\eng\d
=024  8\$aGOVPUB-C13-36e8df81dfe031f3f6861501d4a96cfa
=035  \\$a(OCoLC)957470447
=040  \\$aNBS$beng$erda$cNBS$dOCLCO$dOCLCQ
=086  0\$aC 13.38:6548
=100  1\$aLoftus, J. J.
=245  10$aThermal and self-ignition properties of six explosives /$cJ.J. Loftus, D. Gross.
=264  \1$aGaithersburg, MD :$bU.S. Dept. of Commerce, National Institute of Standards and Technology,$c1959.
=300  \\$a1 online resource.
=336  \\$atext$btxt$2rdacontent
=337  \\$acomputer$bc$2rdamedia
=338  \\$aonline resource$bcr$2rdacarrier
=490  1\$aNBS report ;$v6548
=500  \\$a1959.
=500  \\$aContributed record: Metadata reviewed, not verified. Some fields updated by batch processes.
=500  \\$aTitle from PDF title page.
=504  \\$aIncludes bibliographical references.
=650  \0$aExplosives$xCombustion.
=700  1\$aGross, D.
=700  1\$aLoftus, J. J.
=710  1\$aUnited States.$bNational Bureau of Standards.
=830  \0$aNBS report ;$v6548.
=856  4\$uhttps://dx.doi.org/10.6028/NBS.RPT.6548
=856  4\$zAddress at time of PURL creation$uhttps://www.govinfo.gov/content/pkg/GOVPUB-C13-36e8df81dfe031f3f6861501d4a96cfa/pdf/GOVPUB-C13-36e8df81dfe031f3f6861501d4a96cfa.pdf
=856  40$uhttps://purl.fdlp.gov/GPO/gpo96652
=049  \\$aGPOO
=922  \\$aBatch-processed
=922  \\$aNIST-1$b20180815

