=LDR  01564nam  2200397Ia 45e0
=001  001076996
=003  OCoLC
=005  20180711120947.0
=008  160829s1959\\\\mdu\\\\\ob\\\f000\0\eng\d
=024  8\$aGOVPUB-C13-b29c813026e7c0dc1df3a4f90f6ac5d0
=035  \\$a(OCoLC)957470450
=040  \\$aNBS$beng$erda$cNBS$dOCLCO$dOCLCQ
=086  0\$aC 13.38:6570
=100  1\$aMills, Robert M.
=245  12$aA new mass spectrometer /$cRobert M. Mills, Charles C. Pugh.
=264  \1$aGaithersburg, MD :$bU.S. Dept. of Commerce, National Institute of Standards and Technology,$c1959.
=300  \\$a1 online resource.
=336  \\$atext$btxt$2rdacontent
=337  \\$acomputer$bc$2rdamedia
=338  \\$aonline resource$bcr$2rdacarrier
=490  1\$aNBS report ;$v6570
=500  \\$a1959.
=500  \\$aContributed record: Metadata reviewed, not verified. Some fields updated by batch processes.
=500  \\$aTitle from PDF title page.
=504  \\$aIncludes bibliographical references.
=650  \0$aTime-of-flight mass spectrometry$xTesting.
=700  1\$aMills, Robert M.
=700  1\$aPugh, Charles C.
=710  1\$aUnited States.$bNational Bureau of Standards.
=830  \0$aNBS report ;$v6570.
=856  4\$uhttps://dx.doi.org/10.6028/NBS.RPT.6570
=856  4\$zAddress at time of PURL creation$uhttps://www.govinfo.gov/content/pkg/GOVPUB-C13-b29c813026e7c0dc1df3a4f90f6ac5d0/pdf/GOVPUB-C13-b29c813026e7c0dc1df3a4f90f6ac5d0.pdf
=856  40$uhttps://purl.fdlp.gov/GPO/gpo101978
=049  \\$aGPOO
=922  \\$aBatch-processed
=922  \\$aNIST-1$b20180815

