=LDR  01635nam  2200397Ia 45e0
=001  001076518
=003  OCoLC
=005  20180711120946.0
=008  160829s1959\\\\mdu\\\\\ob\\\f000\0\eng\d
=024  8\$aGOVPUB-C13-31f264c55461956d793d561f456fd4be
=035  \\$a(OCoLC)957470389
=040  \\$aNBS$beng$erda$cNBS$dOCLCO$dOCLCQ
=086  0\$aC 13.38:6475
=100  1\$aPendergast, W. L.
=245  10$aEvaluation of refractory qualities of concretes for jet aircraft warm up, power check, maintenance aprons, and runways /$cW.L. Pendergast, E.C. Tuma, Bruce Foster.
=264  \1$aGaithersburg, MD :$bU.S. Dept. of Commerce, National Institute of Standards and Technology,$c1959.
=300  \\$a1 online resource.
=336  \\$atext$btxt$2rdacontent
=337  \\$acomputer$bc$2rdamedia
=338  \\$aonline resource$bcr$2rdacarrier
=490  1\$aNBS report ;$v6475
=500  \\$a1959.
=500  \\$aContributed record: Metadata reviewed, not verified. Some fields updated by batch processes.
=500  \\$aTitle from PDF title page.
=504  \\$aIncludes bibliographical references.
=700  1\$aFoster, Bruce.
=700  1\$aPendergast, W. L.
=700  1\$aTuma, E. C.
=710  1\$aUnited States.$bNational Bureau of Standards.
=830  \0$aNBS report ;$v6475.
=856  4\$uhttps://dx.doi.org/10.6028/NBS.RPT.6475
=856  4\$zAddress at time of PURL creation$uhttps://www.govinfo.gov/content/pkg/GOVPUB-C13-31f264c55461956d793d561f456fd4be/pdf/GOVPUB-C13-31f264c55461956d793d561f456fd4be.pdf
=856  40$uhttps://purl.fdlp.gov/GPO/gpo96495
=049  \\$aGPOO
=922  \\$aBatch-processed
=922  \\$aNIST-1$b20180815

