=LDR  01606nam  2200409Ia 45e0
=001  001076343
=003  OCoLC
=005  20180711120947.0
=008  160829s1959\\\\mdu\\\\\ob\\\f000\0\eng\d
=024  8\$aGOVPUB-C13-049d346391b1fdb4e2eed54274eba435
=035  \\$a(OCoLC)957470414
=040  \\$aNBS$beng$erda$cNBS$dOCLCO$dOCLCQ
=086  0\$aC 13.38:6325
=100  1\$aRobertson, A. F.
=245  10$aExploratory experiments with magnesium fires /$cA.F. Robertson, W.H. Bailey.
=264  \1$aGaithersburg, MD :$bU.S. Dept. of Commerce, National Institute of Standards and Technology,$c1959.
=300  \\$a1 online resource.
=336  \\$atext$btxt$2rdacontent
=337  \\$acomputer$bc$2rdamedia
=338  \\$aonline resource$bcr$2rdacarrier
=490  1\$aNBS report ;$v6325
=500  \\$a1959.
=500  \\$aContributed record: Metadata reviewed, not verified. Some fields updated by batch processes.
=500  \\$aTitle from PDF title page.
=504  \\$aIncludes bibliographical references.
=650  \0$aMagnesium alloys$xFire testing.
=650  \0$aMagnesium$xFire testing.
=700  1\$aBailey, W. H.
=700  1\$aRobertson, A. F.
=710  1\$aUnited States.$bNational Bureau of Standards.
=830  \0$aNBS report ;$v6325.
=856  4\$uhttps://dx.doi.org/10.6028/NBS.RPT.6325
=856  4\$zAddress at time of PURL creation$uhttps://www.govinfo.gov/content/pkg/GOVPUB-C13-049d346391b1fdb4e2eed54274eba435/pdf/GOVPUB-C13-049d346391b1fdb4e2eed54274eba435.pdf
=856  40$uhttps://purl.fdlp.gov/GPO/gpo94511
=049  \\$aGPOO
=922  \\$aBatch-processed
=922  \\$aNIST-1$b20180815

