=LDR  01611nam  2200409Ia 45e0
=001  001076997
=003  OCoLC
=005  20180711120947.0
=008  160829s1959\\\\mdu\\\\\ob\\\f000\0\eng\d
=024  8\$aGOVPUB-C13-b2b5e262d2a0762f36cc519f56f4eac7
=035  \\$a(OCoLC)957470415
=040  \\$aNBS$beng$erda$cNBS$dOCLCO$dOCLCQ$dOCLCF
=086  0\$aC 13.38:6340
=100  1\$aRobertson, A. F.
=245  12$aA survey of some magnesium fire problems /$cA.F. Robertson.
=264  \1$aGaithersburg, MD :$bU.S. Dept. of Commerce, National Institute of Standards and Technology,$c1959.
=300  \\$a1 online resource.
=336  \\$atext$btxt$2rdacontent
=337  \\$acomputer$bc$2rdamedia
=338  \\$aonline resource$bcr$2rdacarrier
=490  1\$aNBS report ;$v6340
=500  \\$a1959.
=500  \\$aContributed record: Metadata reviewed, not verified. Some fields updated by batch processes.
=500  \\$aTitle from PDF title page.
=504  \\$aIncludes bibliographical references.
=650  \0$aFire extinction.
=650  \0$aMagnesium$xFire testing.
=650  \7$aFire extinction.$2fast$0(OCoLC)fst00925322
=700  1\$aRobertson, A. F.
=710  1\$aUnited States.$bNational Bureau of Standards.
=830  \0$aNBS report ;$v6340.
=856  4\$uhttps://dx.doi.org/10.6028/NBS.RPT.6340
=856  4\$zAddress at time of PURL creation$uhttps://www.govinfo.gov/content/pkg/GOVPUB-C13-b2b5e262d2a0762f36cc519f56f4eac7/pdf/GOVPUB-C13-b2b5e262d2a0762f36cc519f56f4eac7.pdf
=856  40$uhttps://purl.fdlp.gov/GPO/gpo101982
=049  \\$aGPOO
=922  \\$aBatch-processed
=922  \\$aNIST-1$b20180815

