=LDR  01795nam  2200433Ia 45e0
=001  001076963
=003  OCoLC
=005  20180711120946.0
=008  160829s1959\\\\mdu\\\\\ob\\\f000\0\eng\d
=024  8\$aGOVPUB-C13-a8aa4ffc450a33be9ba714bc212a9ef4
=035  \\$a(OCoLC)957470405
=040  \\$aNBS$beng$erda$cNBS$dOCLCO$dOCLCF$dOCLCQ
=086  0\$aC 13.38:6283
=100  1\$aRobinson, H. E.
=245  14$aThe effect of moisture on heat transfer through insulated flat roof constructions /$cH.E. Robinson, F.J. Powell.
=264  \1$aGaithersburg, MD :$bU.S. Dept. of Commerce, National Institute of Standards and Technology,$c1959.
=300  \\$a1 online resource.
=336  \\$atext$btxt$2rdacontent
=337  \\$acomputer$bc$2rdamedia
=338  \\$aonline resource$bcr$2rdacarrier
=490  1\$aNBS report ;$v6283
=500  \\$a1959.
=500  \\$aContributed record: Metadata reviewed, not verified. Some fields updated by batch processes.
=500  \\$aTitle from PDF title page.
=504  \\$aIncludes bibliographical references.
=650  \0$aFlat roofs$xDesign and construction.
=650  \0$aMoisture$xMeasurement.
=650  \7$aFlat roofs$xDesign and construction.$2fast$0(OCoLC)fst00927061
=650  \7$aMoisture$xMeasurement.$2fast$0(OCoLC)fst01024618
=700  1\$aPowell, F. J.
=700  1\$aRobinson, H. E.
=710  1\$aUnited States.$bNational Bureau of Standards.
=830  \0$aNBS report ;$v6283.
=856  4\$uhttps://dx.doi.org/10.6028/NBS.RPT.6283
=856  4\$zAddress at time of PURL creation$uhttps://www.govinfo.gov/content/pkg/GOVPUB-C13-a8aa4ffc450a33be9ba714bc212a9ef4/pdf/GOVPUB-C13-a8aa4ffc450a33be9ba714bc212a9ef4.pdf
=856  40$uhttps://purl.fdlp.gov/GPO/gpo101603
=049  \\$aGPOO
=922  \\$aBatch-processed
=922  \\$aNIST-1$b20180815

