=LDR  01608nam  2200397Ia 45e0
=001  001077010
=003  OCoLC
=005  20180711120947.0
=008  160829s1959\\\\mdu\\\\\ob\\\f000\0\eng\d
=024  8\$aGOVPUB-C13-b5a28b038cf968e558f361938938fcf1
=035  \\$a(OCoLC)957470438
=040  \\$aNBS$beng$erda$cNBS$dOCLCO$dOCLCQ
=086  0\$aC 13.38:6527
=100  1\$aRobinson, H. E.
=245  10$aMeasurements of the thermal conductivity of several explosives by the conductive disc method /$cH.E. Robinson, D.R. Flynn, T.W. Watson.
=264  \1$aGaithersburg, MD :$bU.S. Dept. of Commerce, National Institute of Standards and Technology,$c1959.
=300  \\$a1 online resource.
=336  \\$atext$btxt$2rdacontent
=337  \\$acomputer$bc$2rdamedia
=338  \\$aonline resource$bcr$2rdacarrier
=490  1\$aNBS report ;$v6527
=500  \\$a1959.
=500  \\$aContributed record: Metadata reviewed, not verified. Some fields updated by batch processes.
=500  \\$aTitle from PDF title page.
=504  \\$aIncludes bibliographical references.
=700  1\$aFlynn, Daniel R.
=700  1\$aRobinson, H. E.
=700  1\$aWatson, T. W.
=710  1\$aUnited States.$bNational Bureau of Standards.
=830  \0$aNBS report ;$v6527.
=856  4\$uhttps://dx.doi.org/10.6028/NBS.RPT.6527
=856  4\$zAddress at time of PURL creation$uhttps://www.govinfo.gov/content/pkg/GOVPUB-C13-b5a28b038cf968e558f361938938fcf1/pdf/GOVPUB-C13-b5a28b038cf968e558f361938938fcf1.pdf
=856  40$uhttps://purl.fdlp.gov/GPO/gpo102106
=049  \\$aGPOO
=922  \\$aBatch-processed
=922  \\$aNIST-1$b20180815

