=LDR  01526nam  2200385Ia 45e0
=001  001076871
=003  OCoLC
=005  20180711120947.0
=008  160829s1959\\\\mdu\\\\\ob\\\f000\0\eng\d
=024  8\$aGOVPUB-C13-8de50ba999b4a5a4e4b20237c71bd6a4
=035  \\$a(OCoLC)957470434
=040  \\$aNBS$beng$erda$cNBS$dOCLCO$dOCLCQ
=086  0\$aC 13.38:6425
=100  1\$aRyan, J. V.
=245  10$aFire endurance test of three bulkhead assemblies /$cJ.V. Ryan.
=264  \1$aGaithersburg, MD :$bU.S. Dept. of Commerce, National Institute of Standards and Technology,$c1959.
=300  \\$a1 online resource.
=336  \\$atext$btxt$2rdacontent
=337  \\$acomputer$bc$2rdamedia
=338  \\$aonline resource$bcr$2rdacarrier
=490  1\$aNBS report ;$v6425
=500  \\$a1959.
=500  \\$aContributed record: Metadata reviewed, not verified. Some fields updated by batch processes.
=500  \\$aTitle from PDF title page.
=504  \\$aIncludes bibliographical references.
=650  \0$aBulkheads (Naval architecture)$xFire testing.
=700  1\$aRyan, J. V.
=710  1\$aUnited States.$bNational Bureau of Standards.
=830  \0$aNBS report ;$v6425.
=856  4\$uhttps://dx.doi.org/10.6028/NBS.RPT.6425
=856  4\$zAddress at time of PURL creation$uhttps://www.govinfo.gov/content/pkg/GOVPUB-C13-8de50ba999b4a5a4e4b20237c71bd6a4/pdf/GOVPUB-C13-8de50ba999b4a5a4e4b20237c71bd6a4.pdf
=856  40$uhttps://purl.fdlp.gov/GPO/gpo100529
=049  \\$aGPOO
=922  \\$aBatch-processed
=922  \\$aNIST-1$b20180815

