=LDR  01711nam  2200433Ia 45e0
=001  001076479
=003  OCoLC
=005  20180711120943.0
=008  160829s1959\\\\mdu\\\\\ob\\\f000\0\eng\d
=024  8\$aGOVPUB-C13-289a7c2230454c3e1c20b5f39ad4f08b
=035  \\$a(OCoLC)957470229
=040  \\$aNBS$beng$erda$cNBS$dOCLCO$dOCLCF$dOCLCQ
=086  0\$aC 13.38:6301
=100  1\$aSandholzer, M. W.
=245  10$aSurface flammability of protected metals /$cM.W. Sandholzer, E.W. Bender.
=264  \1$aGaithersburg, MD :$bU.S. Dept. of Commerce, National Institute of Standards and Technology,$c1959.
=300  \\$a1 online resource.
=336  \\$atext$btxt$2rdacontent
=337  \\$acomputer$bc$2rdamedia
=338  \\$aonline resource$bcr$2rdacarrier
=490  1\$aNBS report ;$v6301
=500  \\$a1959.
=500  \\$aContributed record: Metadata reviewed, not verified. Some fields updated by batch processes.
=500  \\$aTitle from PDF title page.
=504  \\$aIncludes bibliographical references.
=650  \0$aFlame spread.
=650  \0$aMetals$xFlammability.
=650  \7$aFlame spread.$2fast$0(OCoLC)fst00926986
=650  \7$aMetals$xFlammability.$2fast$0(OCoLC)fst01018125
=700  1\$aBender, E. W.
=700  1\$aSandholzer, M. W.
=710  1\$aUnited States.$bNational Bureau of Standards.
=830  \0$aNBS report ;$v6301.
=856  4\$uhttps://dx.doi.org/10.6028/NBS.RPT.6301
=856  4\$zAddress at time of PURL creation$uhttps://www.govinfo.gov/content/pkg/GOVPUB-C13-289a7c2230454c3e1c20b5f39ad4f08b/pdf/GOVPUB-C13-289a7c2230454c3e1c20b5f39ad4f08b.pdf
=856  40$uhttps://purl.fdlp.gov/GPO/gpo96093
=049  \\$aGPOO
=922  \\$aBatch-processed
=922  \\$aNIST-1$b20180815

