=LDR  01547nam  2200397Ia 45e0
=001  001077207
=003  OCoLC
=005  20180711120948.0
=008  160829s1960\\\\mdu\\\\\ob\\\f000\0\eng\d
=024  8\$aGOVPUB-C13-e0c8ba2643053cb721d9f93be44e0e3b
=035  \\$a(OCoLC)957470471
=040  \\$aNBS$beng$erda$cNBS$dOCLCO$dOCLCQ
=086  0\$aC 13.38:6874
=100  1\$aBender, E. W.
=245  10$aFire endurance test of prefabricated roof panel /$cE.W. Bender, J.V. Ryan.
=264  \1$aGaithersburg, MD :$bU.S. Dept. of Commerce, National Institute of Standards and Technology,$c1960.
=300  \\$a1 online resource.
=336  \\$atext$btxt$2rdacontent
=337  \\$acomputer$bc$2rdamedia
=338  \\$aonline resource$bcr$2rdacarrier
=490  1\$aNBS report ;$v6874
=500  \\$a1960.
=500  \\$aContributed record: Metadata reviewed, not verified. Some fields updated by batch processes.
=500  \\$aTitle from PDF title page.
=504  \\$aIncludes bibliographical references.
=650  \0$aDrywall$xFire testing.
=700  1\$aBender, E. W.
=700  1\$aRyan, J. V.
=710  1\$aUnited States.$bNational Bureau of Standards.
=830  \0$aNBS report ;$v6874.
=856  4\$uhttps://dx.doi.org/10.6028/NBS.RPT.6874
=856  4\$zAddress at time of PURL creation$uhttps://www.govinfo.gov/content/pkg/GOVPUB-C13-e0c8ba2643053cb721d9f93be44e0e3b/pdf/GOVPUB-C13-e0c8ba2643053cb721d9f93be44e0e3b.pdf
=856  40$uhttps://purl.fdlp.gov/GPO/gpo104149
=049  \\$aGPOO
=922  \\$aBatch-processed
=922  \\$aNIST-1$b20180815

