=LDR  01737nam  2200409Ia 45e0
=001  001076735
=003  OCoLC
=005  20180711120948.0
=008  160829s1960\\\\mdu\\\\\ob\\\f000\0\eng\d
=024  8\$aGOVPUB-C13-664428f8596f5472ee1aac63dc998171
=035  \\$a(OCoLC)957470458
=040  \\$aNBS$beng$erda$cNBS$dOCLCO$dOCLCF$dOCLCQ
=086  0\$aC 13.38:6673
=100  1\$aCoblentz, Carl W.
=245  10$aAir delivery and arrestance tests of a "Puritron" air cleaner, model F-20 :$bmanufactured by Michael Electric Company New Haven, Connecticut /$cCarl W. Coblentz, Paul R. Achenbach.
=264  \1$aGaithersburg, MD :$bU.S. Dept. of Commerce, National Institute of Standards and Technology,$c1960.
=300  \\$a1 online resource.
=336  \\$atext$btxt$2rdacontent
=337  \\$acomputer$bc$2rdamedia
=338  \\$aonline resource$bcr$2rdacarrier
=490  1\$aNBS report ;$v6673
=500  \\$a1960.
=500  \\$aContributed record: Metadata reviewed, not verified. Some fields updated by batch processes.
=500  \\$aTitle from PDF title page.
=504  \\$aIncludes bibliographical references.
=650  \0$aAir filters$xTesting.
=650  \7$aAir filters$xTesting.$2fast$0(OCoLC)fst00802369
=700  1\$aAchenbach, Paul R.
=700  1\$aCoblentz, Carl W.
=710  1\$aUnited States.$bNational Bureau of Standards.
=830  \0$aNBS report ;$v6673.
=856  4\$uhttps://dx.doi.org/10.6028/NBS.RPT.6673
=856  4\$zAddress at time of PURL creation$uhttps://www.govinfo.gov/content/pkg/GOVPUB-C13-664428f8596f5472ee1aac63dc998171/pdf/GOVPUB-C13-664428f8596f5472ee1aac63dc998171.pdf
=856  40$uhttps://purl.fdlp.gov/GPO/gpo98800
=049  \\$aGPOO
=922  \\$aBatch-processed
=922  \\$aNIST-1$b20180815

