=LDR  01602nam  2200385Ia 45e0
=001  001076443
=003  OCoLC
=005  20180711120948.0
=008  160829s1960\\\\mdu\\\\\ob\\\f000\0\eng\d
=024  8\$aGOVPUB-C13-20c4599e511f9ef14b240acca0392315
=035  \\$a(OCoLC)957470456
=040  \\$aNBS$beng$erda$cNBS$dOCLCO$dOCLCQ
=086  0\$aC 13.38:6658
=100  1\$aCullen, William C.
=245  10$aReport on field performance of bituminous protected metals :$bmanufactured by Kramer Trenton Company Trenton, New Jersey /$cWilliam C. Cullen, P.F. Wendell.
=264  \1$aGaithersburg, MD :$bU.S. Dept. of Commerce, National Institute of Standards and Technology,$c1960.
=300  \\$a1 online resource.
=336  \\$atext$btxt$2rdacontent
=337  \\$acomputer$bc$2rdamedia
=338  \\$aonline resource$bcr$2rdacarrier
=490  1\$aNBS report ;$v6658
=500  \\$a1960.
=500  \\$aContributed record: Metadata reviewed, not verified. Some fields updated by batch processes.
=500  \\$aTitle from PDF title page.
=504  \\$aIncludes bibliographical references.
=700  1\$aCullen, William C.
=700  1\$aWendell, P. F.
=710  1\$aUnited States.$bNational Bureau of Standards.
=830  \0$aNBS report ;$v6658.
=856  4\$uhttps://dx.doi.org/10.6028/NBS.RPT.6658
=856  4\$zAddress at time of PURL creation$uhttps://www.govinfo.gov/content/pkg/GOVPUB-C13-20c4599e511f9ef14b240acca0392315/pdf/GOVPUB-C13-20c4599e511f9ef14b240acca0392315.pdf
=856  40$uhttps://purl.fdlp.gov/GPO/gpo95942
=049  \\$aGPOO
=922  \\$aBatch-processed
=922  \\$aNIST-1$b20180815

