=LDR  01711nam  2200421Ia 45e0
=001  001077065
=003  OCoLC
=005  20180711120948.0
=008  160829s1960\\\\mdu\\\\\ob\\\f000\0\eng\d
=024  8\$aGOVPUB-C13-c2b43e7bbb01b174fbc28ee06583d24c
=035  \\$a(OCoLC)957470490
=040  \\$aNBS$beng$erda$cNBS$dOCLCO$dOCLCF$dOCLCQ
=086  0\$aC 13.38:6966
=100  1\$aCullen, William C.
=245  10$aReport on the performance of glass fiber base built-up roofs /$cWilliam C. Cullen.
=264  \1$aGaithersburg, MD :$bU.S. Dept. of Commerce, National Institute of Standards and Technology,$c1960.
=300  \\$a1 online resource.
=336  \\$atext$btxt$2rdacontent
=337  \\$acomputer$bc$2rdamedia
=338  \\$aonline resource$bcr$2rdacarrier
=490  1\$aNBS report ;$v6966
=500  \\$a1960.
=500  \\$aContributed record: Metadata reviewed, not verified. Some fields updated by batch processes.
=500  \\$aTitle from PDF title page.
=504  \\$aIncludes bibliographical references.
=650  \0$aBuilding materials$xTesting.
=650  \0$aRoofs$xTesting.
=650  \7$aBuilding materials$xTesting.$2fast$0(OCoLC)fst00840763
=650  \7$aRoofs$xTesting.$2fast$0(OCoLC)fst01100334
=700  1\$aCullen, William C.
=710  1\$aUnited States.$bNational Bureau of Standards.
=830  \0$aNBS report ;$v6966.
=856  4\$uhttps://dx.doi.org/10.6028/NBS.RPT.6966
=856  4\$zAddress at time of PURL creation$uhttps://www.govinfo.gov/content/pkg/GOVPUB-C13-c2b43e7bbb01b174fbc28ee06583d24c/pdf/GOVPUB-C13-c2b43e7bbb01b174fbc28ee06583d24c.pdf
=856  40$uhttps://purl.fdlp.gov/GPO/gpo102663
=049  \\$aGPOO
=922  \\$aBatch-processed
=922  \\$aNIST-1$b20180815

