=LDR  01598nam  2200397Ia 45e0
=001  001077053
=003  OCoLC
=005  20180711120948.0
=008  160829s1960\\\\mdu\\\\\ob\\\f000\0\eng\d
=024  8\$aGOVPUB-C13-c0c5c7d36a546f7673b41a3b38870f9a
=035  \\$a(OCoLC)957470461
=040  \\$aNBS$beng$erda$cNBS$dOCLCO$dOCLCQ
=086  0\$aC 13.38:6699
=100  1\$aDavis, J. C.
=245  10$aCapacity tests of two Peerless Heat Pumps, models CPA584-1A/54CPH-A and CPA384-1A/34CPH-A /$cJ.C. Davis, W.M. Ellis, P.R. Achenbach.
=264  \1$aGaithersburg, MD :$bU.S. Dept. of Commerce, National Institute of Standards and Technology,$c1960.
=300  \\$a1 online resource.
=336  \\$atext$btxt$2rdacontent
=337  \\$acomputer$bc$2rdamedia
=338  \\$aonline resource$bcr$2rdacarrier
=490  1\$aNBS report ;$v6699
=500  \\$a1960.
=500  \\$aContributed record: Metadata reviewed, not verified. Some fields updated by batch processes.
=500  \\$aTitle from PDF title page.
=504  \\$aIncludes bibliographical references.
=700  1\$aAchenbach, P. R.
=700  1\$aDavis, J. C.
=700  1\$aEllis, W. M.
=710  1\$aUnited States.$bNational Bureau of Standards.
=830  \0$aNBS report ;$v6699.
=856  4\$uhttps://dx.doi.org/10.6028/NBS.RPT.6699
=856  4\$zAddress at time of PURL creation$uhttps://www.govinfo.gov/content/pkg/GOVPUB-C13-c0c5c7d36a546f7673b41a3b38870f9a/pdf/GOVPUB-C13-c0c5c7d36a546f7673b41a3b38870f9a.pdf
=856  40$uhttps://purl.fdlp.gov/GPO/gpo102563
=049  \\$aGPOO
=922  \\$aBatch-processed
=922  \\$aNIST-1$b20180815

