=LDR  01737nam  2200409Ia 45e0
=001  001076643
=003  OCoLC
=005  20180711120948.0
=008  160829s1960\\\\mdu\\\\\ob\\\f000\0\eng\d
=024  8\$aGOVPUB-C13-4de7d18b21a08b7b3bba6614f84deefd
=035  \\$a(OCoLC)957470457
=040  \\$aNBS$beng$erda$cNBS$dOCLCO$dOCLCF$dOCLCQ
=086  0\$aC 13.38:6670
=100  1\$aDrapeau, F. J. Jerome.
=245  10$aCapacity tests of two remote air-cooled size B refrigerant condensers /$cF.J. Jerome Drapeau, Carl W. Phillips.
=264  \1$aGaithersburg, MD :$bU.S. Dept. of Commerce, National Institute of Standards and Technology,$c1960.
=300  \\$a1 online resource.
=336  \\$atext$btxt$2rdacontent
=337  \\$acomputer$bc$2rdamedia
=338  \\$aonline resource$bcr$2rdacarrier
=490  1\$aNBS report ;$v6670
=500  \\$a1960.
=500  \\$aContributed record: Metadata reviewed, not verified. Some fields updated by batch processes.
=500  \\$aTitle from PDF title page.
=504  \\$aIncludes bibliographical references.
=650  \0$aRefrigeration and refrigerating machinery$xTesting.
=650  \7$aRefrigeration and refrigerating machinery$xTesting.$2fast$0(OCoLC)fst01092744
=700  1\$aDrapeau, F. J. Jerome.
=700  1\$aPhillips, Carl W.
=710  1\$aUnited States.$bNational Bureau of Standards.
=830  \0$aNBS report ;$v6670.
=856  4\$uhttps://dx.doi.org/10.6028/NBS.RPT.6670
=856  4\$zAddress at time of PURL creation$uhttps://www.govinfo.gov/content/pkg/GOVPUB-C13-4de7d18b21a08b7b3bba6614f84deefd/pdf/GOVPUB-C13-4de7d18b21a08b7b3bba6614f84deefd.pdf
=856  40$uhttps://purl.fdlp.gov/GPO/gpo97730
=049  \\$aGPOO
=922  \\$aBatch-processed
=922  \\$aNIST-1$b20180815

