=LDR  01663nam  2200409Ia 45e0
=001  001076745
=003  OCoLC
=005  20180711120940.0
=008  160829s1960\\\\mdu\\\\\ob\\\f000\0\eng\d
=024  8\$aGOVPUB-C13-68d389d8823c74f33e015ca0fbc313eb
=035  \\$a(OCoLC)957470045
=040  \\$aNBS$beng$erda$cNBS$dOCLCO$dOCLCQ$dOCLCF
=086  0\$aC 13.38:6830
=100  1\$aGross, Daniel.
=245  10$aExperiments on the burning of cross-piles of wood /$cDaniel Gross.
=264  \1$aGaithersburg, MD :$bU.S. Dept. of Commerce, National Institute of Standards and Technology,$c1960.
=300  \\$a1 online resource.
=336  \\$atext$btxt$2rdacontent
=337  \\$acomputer$bc$2rdamedia
=338  \\$aonline resource$bcr$2rdacarrier
=490  1\$aNBS report ;$v6830
=500  \\$a1960.
=500  \\$aContributed record: Metadata reviewed, not verified. Some fields updated by batch processes.
=500  \\$aTitle from PDF title page.
=504  \\$aIncludes bibliographical references.
=650  \0$aBuilding materials$xCombustion$xTesting.
=650  \0$aBuilding materials$xFire testing.
=650  \7$aBuilding materials$xFire testing.$2fast$0(OCoLC)fst00840740
=700  1\$aGross, Daniel.
=710  1\$aUnited States.$bNational Bureau of Standards.
=830  \0$aNBS report ;$v6830.
=856  4\$uhttps://dx.doi.org/10.6028/NBS.RPT.6830
=856  4\$zAddress at time of PURL creation$uhttps://www.govinfo.gov/content/pkg/GOVPUB-C13-68d389d8823c74f33e015ca0fbc313eb/pdf/GOVPUB-C13-68d389d8823c74f33e015ca0fbc313eb.pdf
=856  40$uhttps://purl.fdlp.gov/GPO/gpo98904
=049  \\$aGPOO
=922  \\$aBatch-processed
=922  \\$aNIST-1$b20180815

