=LDR  01596nam  2200397Ia 45e0
=001  001077058
=003  OCoLC
=005  20180711120948.0
=008  160829s1960\\\\mdu\\\\\ob\\\f000\0\eng\d
=024  8\$aGOVPUB-C13-c1c8af57109b1c2994d5ac073455568f
=035  \\$a(OCoLC)957470475
=040  \\$aNBS$beng$erda$cNBS$dOCLCO$dOCLCQ
=086  0\$aC 13.38:6888
=100  1\$aGross, Daniel.
=245  10$aFires in model rooms :$bresults of preliminary experiments under an International Cooperative Program /$cDaniel Gross, D. Ward, H. Shoub.
=264  \1$aGaithersburg, MD :$bU.S. Dept. of Commerce, National Institute of Standards and Technology,$c1960.
=300  \\$a1 online resource.
=336  \\$atext$btxt$2rdacontent
=337  \\$acomputer$bc$2rdamedia
=338  \\$aonline resource$bcr$2rdacarrier
=490  1\$aNBS report ;$v6888
=500  \\$a1960.
=500  \\$aContributed record: Metadata reviewed, not verified. Some fields updated by batch processes.
=500  \\$aTitle from PDF title page.
=504  \\$aIncludes bibliographical references.
=700  1\$aGross, Daniel.
=700  1\$aShoub, H.
=700  1\$aWard, D.
=710  1\$aUnited States.$bNational Bureau of Standards.
=830  \0$aNBS report ;$v6888.
=856  4\$uhttps://dx.doi.org/10.6028/NBS.RPT.6888
=856  4\$zAddress at time of PURL creation$uhttps://www.govinfo.gov/content/pkg/GOVPUB-C13-c1c8af57109b1c2994d5ac073455568f/pdf/GOVPUB-C13-c1c8af57109b1c2994d5ac073455568f.pdf
=856  40$uhttps://purl.fdlp.gov/GPO/gpo102617
=049  \\$aGPOO
=922  \\$aBatch-processed
=922  \\$aNIST-1$b20180815

