=LDR  01606nam  2200409Ia 45e0
=001  001077105
=003  OCoLC
=005  20180711120945.0
=008  160829s1960\\\\mdu\\\\\ob\\\f000\0\eng\d
=024  8\$aGOVPUB-C13-cb22e84cd171801ce50bd59404dc1b1c
=035  \\$a(OCoLC)957470355
=040  \\$aNBS$beng$erda$cNBS$dOCLCO$dOCLCQ
=086  0\$aC 13.38:7015
=100  1\$aGross, Daniel.
=245  10$aCentral furnace control and recording facility /$cDaniel Gross, W.H. Bailey, E.W. Bender, A.F. Robertson.
=264  \1$aGaithersburg, MD :$bU.S. Dept. of Commerce, National Institute of Standards and Technology,$c1960.
=300  \\$a1 online resource.
=336  \\$atext$btxt$2rdacontent
=337  \\$acomputer$bc$2rdamedia
=338  \\$aonline resource$bcr$2rdacarrier
=490  1\$aNBS report ;$v7015
=500  \\$a1960.
=500  \\$aContributed record: Metadata reviewed, not verified. Some fields updated by batch processes.
=500  \\$aTitle from PDF title page.
=504  \\$aIncludes bibliographical references.
=700  1\$aBailey, W. H.
=700  1\$aBender, E. W.
=700  1\$aGross, Daniel.
=700  1\$aRobertson, A. F.
=710  1\$aUnited States.$bNational Bureau of Standards.
=830  \0$aNBS report ;$v7015.
=856  4\$uhttps://dx.doi.org/10.6028/NBS.RPT.7015
=856  4\$zAddress at time of PURL creation$uhttps://www.govinfo.gov/content/pkg/GOVPUB-C13-cb22e84cd171801ce50bd59404dc1b1c/pdf/GOVPUB-C13-cb22e84cd171801ce50bd59404dc1b1c.pdf
=856  40$uhttps://purl.fdlp.gov/GPO/gpo103024
=049  \\$aGPOO
=922  \\$aBatch-processed
=922  \\$aNIST-1$b20180815

