=LDR  01584nam  2200397Ia 45e0
=001  001077172
=003  OCoLC
=005  20180711120948.0
=008  160829s1960\\\\mdu\\\\\ob\\\f000\0\eng\d
=024  8\$aGOVPUB-C13-db5d134ef4d53f620120b15810e07a77
=035  \\$a(OCoLC)957470480
=040  \\$aNBS$beng$erda$cNBS$dOCLCO$dOCLCQ
=086  0\$aC 13.38:6923
=100  1\$aHockman, Arthur.
=245  10$aStudy of the properties of rubber base calking :$bprogress report no. 2materials /$cArthur Hockman.
=264  \1$aGaithersburg, MD :$bU.S. Dept. of Commerce, National Institute of Standards and Technology,$c1960.
=300  \\$a1 online resource.
=336  \\$atext$btxt$2rdacontent
=337  \\$acomputer$bc$2rdamedia
=338  \\$aonline resource$bcr$2rdacarrier
=490  1\$aNBS report ;$v6923
=500  \\$a1960.
=500  \\$aContributed record: Metadata reviewed, not verified. Some fields updated by batch processes.
=500  \\$aTitle from PDF title page.
=504  \\$aIncludes bibliographical references.
=650  \0$aCaulking$xProperties.
=650  \0$aCaulking$xTesting.
=700  1\$aHockman, Arthur.
=710  1\$aUnited States.$bNational Bureau of Standards.
=830  \0$aNBS report ;$v6923.
=856  4\$uhttps://dx.doi.org/10.6028/NBS.RPT.6923
=856  4\$zAddress at time of PURL creation$uhttps://www.govinfo.gov/content/pkg/GOVPUB-C13-db5d134ef4d53f620120b15810e07a77/pdf/GOVPUB-C13-db5d134ef4d53f620120b15810e07a77.pdf
=856  40$uhttps://purl.fdlp.gov/GPO/gpo103890
=049  \\$aGPOO
=922  \\$aBatch-processed
=922  \\$aNIST-1$b20180815

