=LDR  01526nam  2200385Ia 45e0
=001  001076636
=003  OCoLC
=005  20180711120946.0
=008  160829s1960\\\\mdu\\\\\ob\\\f000\0\eng\d
=024  8\$aGOVPUB-C13-4ce7af480e479dba5dd8c073c4e9dd62
=035  \\$a(OCoLC)957470404
=040  \\$aNBS$beng$erda$cNBS$dOCLCO$dOCLCQ
=086  0\$aC 13.38:6906
=100  1\$aLee, T. G.
=245  10$aMechanisms of fire ignition and extinguishment :$beighth progress report /$cT.G. Lee.
=264  \1$aGaithersburg, MD :$bU.S. Dept. of Commerce, National Institute of Standards and Technology,$c1960.
=300  \\$a1 online resource.
=336  \\$atext$btxt$2rdacontent
=337  \\$acomputer$bc$2rdamedia
=338  \\$aonline resource$bcr$2rdacarrier
=490  1\$aNBS report ;$v6906
=500  \\$a1960.
=500  \\$aContributed record: Metadata reviewed, not verified. Some fields updated by batch processes.
=500  \\$aTitle from PDF title page.
=504  \\$aIncludes bibliographical references.
=650  \0$aFire extinction$xTesting.
=700  1\$aLee, T. G.
=710  1\$aUnited States.$bNational Bureau of Standards.
=830  \0$aNBS report ;$v6906.
=856  4\$uhttps://dx.doi.org/10.6028/NBS.RPT.6906
=856  4\$zAddress at time of PURL creation$uhttps://www.govinfo.gov/content/pkg/GOVPUB-C13-4ce7af480e479dba5dd8c073c4e9dd62/pdf/GOVPUB-C13-4ce7af480e479dba5dd8c073c4e9dd62.pdf
=856  40$uhttps://purl.fdlp.gov/GPO/gpo97695
=049  \\$aGPOO
=922  \\$aBatch-processed
=922  \\$aNIST-1$b20180815

