=LDR  01532nam  2200397Ia 45e0
=001  001076648
=003  OCoLC
=005  20180711120948.0
=008  160829s1960\\\\mdu\\\\\ob\\\f000\0\eng\d
=024  8\$aGOVPUB-C13-4f791fd97a32840cf7adbfd1881e0812
=035  \\$a(OCoLC)957470453
=040  \\$aNBS$beng$erda$cNBS$dOCLCO$dOCLCQ
=086  0\$aC 13.38:6807
=100  1\$aLoftus, J. J.
=245  10$aFuel potential test method /$cJ.J. Loftus, D. Gross, A.F. Robertson.
=264  \1$aGaithersburg, MD :$bU.S. Dept. of Commerce, National Institute of Standards and Technology,$c1960.
=300  \\$a1 online resource.
=336  \\$atext$btxt$2rdacontent
=337  \\$acomputer$bc$2rdamedia
=338  \\$aonline resource$bcr$2rdacarrier
=490  1\$aNBS report ;$v6807
=500  \\$a1960.
=500  \\$aContributed record: Metadata reviewed, not verified. Some fields updated by batch processes.
=500  \\$aTitle from PDF title page.
=504  \\$aIncludes bibliographical references.
=700  1\$aGross, D.
=700  1\$aLoftus, J. J.
=700  1\$aRobertson, A. F.
=710  1\$aUnited States.$bNational Bureau of Standards.
=830  \0$aNBS report ;$v6807.
=856  4\$uhttps://dx.doi.org/10.6028/NBS.RPT.6807
=856  4\$zAddress at time of PURL creation$uhttps://www.govinfo.gov/content/pkg/GOVPUB-C13-4f791fd97a32840cf7adbfd1881e0812/pdf/GOVPUB-C13-4f791fd97a32840cf7adbfd1881e0812.pdf
=856  40$uhttps://purl.fdlp.gov/GPO/gpo97791
=049  \\$aGPOO
=922  \\$aBatch-processed
=922  \\$aNIST-1$b20180815

