=LDR  01594nam  2200397Ia 45e0
=001  001076970
=003  OCoLC
=005  20180711120945.0
=008  160829s1960\\\\mdu\\\\\ob\\\f000\0\eng\d
=024  8\$aGOVPUB-C13-ab548816d3ce5d0cdbc5465bd8ca0ad4
=035  \\$a(OCoLC)957470354
=040  \\$aNBS$beng$erda$cNBS$dOCLCO$dOCLCQ
=086  0\$aC 13.38:7012
=100  1\$aLoftus, J. J.
=245  10$aThermal and self ignition properties of ammonium perchlorate and PETN explosive /$cJ.J. Loftus, D. Gross.
=264  \1$aGaithersburg, MD :$bU.S. Dept. of Commerce, National Institute of Standards and Technology,$c1960.
=300  \\$a1 online resource.
=336  \\$atext$btxt$2rdacontent
=337  \\$acomputer$bc$2rdamedia
=338  \\$aonline resource$bcr$2rdacarrier
=490  1\$aNBS report ;$v7012
=500  \\$a1960.
=500  \\$aContributed record: Metadata reviewed, not verified. Some fields updated by batch processes.
=500  \\$aTitle from PDF title page.
=504  \\$aIncludes bibliographical references.
=650  \0$aExplosives$xThermal properties$xTesting.
=700  1\$aGross, D.
=700  1\$aLoftus, J. J.
=710  1\$aUnited States.$bNational Bureau of Standards.
=830  \0$aNBS report ;$v7012.
=856  4\$uhttps://dx.doi.org/10.6028/NBS.RPT.7012
=856  4\$zAddress at time of PURL creation$uhttps://www.govinfo.gov/content/pkg/GOVPUB-C13-ab548816d3ce5d0cdbc5465bd8ca0ad4/pdf/GOVPUB-C13-ab548816d3ce5d0cdbc5465bd8ca0ad4.pdf
=856  40$uhttps://purl.fdlp.gov/GPO/gpo101692
=049  \\$aGPOO
=922  \\$aBatch-processed
=922  \\$aNIST-1$b20180815

