=LDR  01654nam  2200397Ia 45e0
=001  001076520
=003  OCoLC
=005  20180711120948.0
=008  160829s1960\\\\mdu\\\\\ob\\\f000\0\eng\d
=024  8\$aGOVPUB-C13-32506fb397a61ba4fe801a75ad417ca2
=035  \\$a(OCoLC)957470491
=040  \\$aNBS$beng$erda$cNBS$dOCLCO$dOCLCQ
=086  0\$aC 13.38:6995
=100  1\$aPendergast, W. L.
=245  10$aEvaluation of refractory qualities of concretes for jet aircraft warm-up, power check maintenance aprons, and runways :$bquarterly report /$cW.L. Pendergast, E.C. Tuma, Bruce Foster.
=264  \1$aGaithersburg, MD :$bU.S. Dept. of Commerce, National Institute of Standards and Technology,$c1960.
=300  \\$a1 online resource.
=336  \\$atext$btxt$2rdacontent
=337  \\$acomputer$bc$2rdamedia
=338  \\$aonline resource$bcr$2rdacarrier
=490  1\$aNBS report ;$v6995
=500  \\$a1960.
=500  \\$aContributed record: Metadata reviewed, not verified. Some fields updated by batch processes.
=500  \\$aTitle from PDF title page.
=504  \\$aIncludes bibliographical references.
=700  1\$aFoster, Bruce.
=700  1\$aPendergast, W. L.
=700  1\$aTuma, E. C.
=710  1\$aUnited States.$bNational Bureau of Standards.
=830  \0$aNBS report ;$v6995.
=856  4\$uhttps://dx.doi.org/10.6028/NBS.RPT.6995
=856  4\$zAddress at time of PURL creation$uhttps://www.govinfo.gov/content/pkg/GOVPUB-C13-32506fb397a61ba4fe801a75ad417ca2/pdf/GOVPUB-C13-32506fb397a61ba4fe801a75ad417ca2.pdf
=856  40$uhttps://purl.fdlp.gov/GPO/gpo96505
=049  \\$aGPOO
=922  \\$aBatch-processed
=922  \\$aNIST-1$b20180815

