=LDR  01611nam  2200397Ia 45e0
=001  001077147
=003  OCoLC
=005  20180711120940.0
=008  160829s1960\\\\mdu\\\\\ob\\\f000\0\eng\d
=024  8\$aGOVPUB-C13-d3ba418d5c4e95893e8759c0f29b0221
=035  \\$a(OCoLC)957470131
=040  \\$aNBS$beng$erda$cNBS$dOCLCO$dOCLCF$dOCLCQ
=086  0\$aC 13.38:6837
=100  1\$aRyan, J. V.
=245  10$aFire endurance and heat transfer tests of prefabricated panels /$cJ.V. Ryan.
=264  \1$aGaithersburg, MD :$bU.S. Dept. of Commerce, National Institute of Standards and Technology,$c1960.
=300  \\$a1 online resource.
=336  \\$atext$btxt$2rdacontent
=337  \\$acomputer$bc$2rdamedia
=338  \\$aonline resource$bcr$2rdacarrier
=490  1\$aNBS report ;$v6837
=500  \\$a1960.
=500  \\$aContributed record: Metadata reviewed, not verified. Some fields updated by batch processes.
=500  \\$aTitle from PDF title page.
=504  \\$aIncludes bibliographical references.
=650  \0$aBuilding materials$xFire testing.
=650  \7$aBuilding materials$xFire testing.$2fast$0(OCoLC)fst00840740
=700  1\$aRyan, J. V.
=710  1\$aUnited States.$bNational Bureau of Standards.
=830  \0$aNBS report ;$v6837.
=856  4\$uhttps://dx.doi.org/10.6028/NBS.RPT.6837
=856  4\$zAddress at time of PURL creation$uhttps://www.govinfo.gov/content/pkg/GOVPUB-C13-d3ba418d5c4e95893e8759c0f29b0221/pdf/GOVPUB-C13-d3ba418d5c4e95893e8759c0f29b0221.pdf
=856  40$uhttps://purl.fdlp.gov/GPO/gpo103354
=049  \\$aGPOO
=922  \\$aBatch-processed
=922  \\$aNIST-1$b20180815

