=LDR  01813nam  2200433Ia 45e0
=001  001077116
=003  OCoLC
=005  20180711120934.0
=008  160829s1960\\\\mdu\\\\\ob\\\f000\0\eng\d
=024  8\$aGOVPUB-C13-cdbc084fc3f04c24db02934f7d208c4f
=035  \\$a(OCoLC)957470454
=040  \\$aNBS$beng$erda$cNBS$dOCLCO$dOCLCQ$dOCLCF
=086  0\$aC 13.38:6627
=100  1\$aSchach, Arthur.
=245  12$aA survey of recently activated or expanded standards and calibration programs in the Armed Services /$cArthur Schach.
=264  \1$aGaithersburg, MD :$bU.S. Dept. of Commerce, National Institute of Standards and Technology,$c1960.
=300  \\$a1 online resource.
=336  \\$atext$btxt$2rdacontent
=337  \\$acomputer$bc$2rdamedia
=338  \\$aonline resource$bcr$2rdacarrier
=490  1\$aNBS report ;$v6627
=500  \\$a1960.
=500  \\$aContributed record: Metadata reviewed, not verified. Some fields updated by batch processes.
=500  \\$aTitle from PDF title page.
=504  \\$aIncludes bibliographical references.
=650  \0$aCarbides$xThermal properties.
=650  \0$aLaboratories$xCalibration.
=650  \0$aNitrides$xThermal properties.
=650  \7$aCarbides$xThermal properties.$2fast$0(OCoLC)fst00846746
=650  \7$aNitrides$xThermal properties.$2fast$0(OCoLC)fst01037995
=700  1\$aSchach, Arthur.
=710  1\$aUnited States.$bNational Bureau of Standards.
=830  \0$aNBS report ;$v6627.
=856  4\$uhttps://dx.doi.org/10.6028/NBS.RPT.6627
=856  4\$zAddress at time of PURL creation$uhttps://www.govinfo.gov/content/pkg/GOVPUB-C13-cdbc084fc3f04c24db02934f7d208c4f/pdf/GOVPUB-C13-cdbc084fc3f04c24db02934f7d208c4f.pdf
=856  40$uhttps://purl.fdlp.gov/GPO/gpo103118
=049  \\$aGPOO
=922  \\$aBatch-processed
=922  \\$aNIST-1$b20180815

