=LDR  01754nam  2200421Ia 45e0
=001  001076829
=003  OCoLC
=005  20180711120948.0
=008  160829s1960\\\\mdu\\\\\ob\\\f000\0\eng\d
=024  8\$aGOVPUB-C13-813fbfc0fc00f81d15248456828c37d4
=035  \\$a(OCoLC)957470459
=040  \\$aNBS$beng$erda$cNBS$dOCLCO$dOCLCF$dOCLCQ
=086  0\$aC 13.38:6682
=100  1\$aSkoda, Leopold F.
=245  10$aFreezing and thawing tests of grout pocket assemblies as used at welded joints of precast concrete panels /$cLeopold F. Skoda.
=264  \1$aGaithersburg, MD :$bU.S. Dept. of Commerce, National Institute of Standards and Technology,$c1960.
=300  \\$a1 online resource.
=336  \\$atext$btxt$2rdacontent
=337  \\$acomputer$bc$2rdamedia
=338  \\$aonline resource$bcr$2rdacarrier
=490  1\$aNBS report ;$v6682
=500  \\$a1960.
=500  \\$aContributed record: Metadata reviewed, not verified. Some fields updated by batch processes.
=500  \\$aTitle from PDF title page.
=504  \\$aIncludes bibliographical references.
=650  \0$aGrouting$xTesting.
=650  \0$aPrecast concrete$xTesting.
=650  \7$aGrouting$xTesting.$2fast$0(OCoLC)fst00948568
=650  \7$aPrecast concrete$xTesting.$2fast$0(OCoLC)fst01074857
=700  1\$aSkoda, Leopold F.
=710  1\$aUnited States.$bNational Bureau of Standards.
=830  \0$aNBS report ;$v6682.
=856  4\$uhttps://dx.doi.org/10.6028/NBS.RPT.6682
=856  4\$zAddress at time of PURL creation$uhttps://www.govinfo.gov/content/pkg/GOVPUB-C13-813fbfc0fc00f81d15248456828c37d4/pdf/GOVPUB-C13-813fbfc0fc00f81d15248456828c37d4.pdf
=856  40$uhttps://purl.fdlp.gov/GPO/gpo99861
=049  \\$aGPOO
=922  \\$aBatch-processed
=922  \\$aNIST-1$b20180815

