=LDR  01693nam  2200397Ia 45e0
=001  001076821
=003  OCoLC
=005  20180711120939.0
=008  160829s1960\\\\mdu\\\\\ob\\\f000\0\eng\d
=024  8\$aGOVPUB-C13-7f398e952016f2461b49a59e13e900b3
=035  \\$a(OCoLC)957469610
=040  \\$aNBS$beng$erda$cNBS$dOCLCO$dOCLCF$dOCLCQ
=086  0\$aC 13.38:6691
=100  1\$aWatson, Thomas W.
=245  10$aThermal conductivity of Unibestos Pipe Insulation :$bmanufactured by Union Asbestos and Rubber Company Bloomington, Illinois /$cThomas W. Watson.
=264  \1$aGaithersburg, MD :$bU.S. Dept. of Commerce, National Institute of Standards and Technology,$c1960.
=300  \\$a1 online resource.
=336  \\$atext$btxt$2rdacontent
=337  \\$acomputer$bc$2rdamedia
=338  \\$aonline resource$bcr$2rdacarrier
=490  1\$aNBS report ;$v6691
=500  \\$a1960.
=500  \\$aContributed record: Metadata reviewed, not verified. Some fields updated by batch processes.
=500  \\$aTitle from PDF title page.
=504  \\$aIncludes bibliographical references.
=650  \0$aUnderground pipelines$xInsulation.
=650  \7$aUnderground pipelines$xInsulation.$2fast$0(OCoLC)fst01160973
=700  1\$aWatson, Thomas W.
=710  1\$aUnited States.$bNational Bureau of Standards.
=830  \0$aNBS report ;$v6691.
=856  4\$uhttps://dx.doi.org/10.6028/NBS.RPT.6691
=856  4\$zAddress at time of PURL creation$uhttps://www.govinfo.gov/content/pkg/GOVPUB-C13-7f398e952016f2461b49a59e13e900b3/pdf/GOVPUB-C13-7f398e952016f2461b49a59e13e900b3.pdf
=856  40$uhttps://purl.fdlp.gov/GPO/gpo99790
=049  \\$aGPOO
=922  \\$aBatch-processed
=922  \\$aNIST-1$b20180815

