=LDR  01689nam  2200409Ia 45e0
=001  001077179
=003  OCoLC
=005  20180711120952.0
=008  160829s1961\\\\mdu\\\\\ob\\\f000\0\eng\d
=024  8\$aGOVPUB-C13-dc72f50a37edf49dd153f6e742cfc02c
=035  \\$a(OCoLC)957470678
=040  \\$aNBS$beng$erda$cNBS$dOCLCO$dOCLCF$dOCLCQ
=086  0\$aC 13.38:7079
=100  1\$aAchenbach, Paul R.
=245  13$aAn analysis of electrical energy usage in Air Force houses equipped with air-To-air heat pumps /$cPaul R. Achenbach, Joseph C. Davis.
=264  \1$aGaithersburg, MD :$bU.S. Dept. of Commerce, National Institute of Standards and Technology,$c1961.
=300  \\$a1 online resource.
=336  \\$atext$btxt$2rdacontent
=337  \\$acomputer$bc$2rdamedia
=338  \\$aonline resource$bcr$2rdacarrier
=490  1\$aNBS report ;$v7079
=500  \\$a1961.
=500  \\$aContributed record: Metadata reviewed, not verified. Some fields updated by batch processes.
=500  \\$aTitle from PDF title page.
=504  \\$aIncludes bibliographical references.
=650  \0$aHeat pumps$xTesting.
=650  \7$aHeat pumps$xTesting.$2fast$0(OCoLC)fst00953943
=700  1\$aAchenbach, Paul R.
=700  1\$aDavis, Joseph C.
=710  1\$aUnited States.$bNational Bureau of Standards.
=830  \0$aNBS report ;$v7079.
=856  4\$uhttps://dx.doi.org/10.6028/NBS.RPT.7079
=856  4\$zAddress at time of PURL creation$uhttps://www.govinfo.gov/content/pkg/GOVPUB-C13-dc72f50a37edf49dd153f6e742cfc02c/pdf/GOVPUB-C13-dc72f50a37edf49dd153f6e742cfc02c.pdf
=856  40$uhttps://purl.fdlp.gov/GPO/gpo103953
=049  \\$aGPOO
=922  \\$aBatch-processed
=922  \\$aNIST-1$b20180815

