=LDR  01598nam  2200397Ia 45e0
=001  001076397
=003  OCoLC
=005  20180711120952.0
=008  160829s1961\\\\mdu\\\\\ob\\\f000\0\eng\d
=024  8\$aGOVPUB-C13-15307cfe405efe5a8696c82bd6c7a9da
=035  \\$a(OCoLC)957470674
=040  \\$aNBS$beng$erda$cNBS$dOCLCO$dOCLCQ
=086  0\$aC 13.38:7173
=100  1\$aBoone, Thomas H.
=245  10$aCriteria for waterproofing systems shower pans in residential dwellings /$cThomas H. Boone, Edgar H. MacArthur.
=264  \1$aGaithersburg, MD :$bU.S. Dept. of Commerce, National Institute of Standards and Technology,$c1961.
=300  \\$a1 online resource.
=336  \\$atext$btxt$2rdacontent
=337  \\$acomputer$bc$2rdamedia
=338  \\$aonline resource$bcr$2rdacarrier
=490  1\$aNBS report ;$v7173
=500  \\$a1961.
=500  \\$aContributed record: Metadata reviewed, not verified. Some fields updated by batch processes.
=500  \\$aTitle from PDF title page.
=504  \\$aIncludes bibliographical references.
=650  \0$aWaterproofing$xTesting.
=700  1\$aBoone, Thomas H.
=700  1\$aMacArthur, Edgar H.
=710  1\$aUnited States.$bNational Bureau of Standards.
=830  \0$aNBS report ;$v7173.
=856  4\$uhttps://dx.doi.org/10.6028/NBS.RPT.7173
=856  4\$zAddress at time of PURL creation$uhttps://www.govinfo.gov/content/pkg/GOVPUB-C13-15307cfe405efe5a8696c82bd6c7a9da/pdf/GOVPUB-C13-15307cfe405efe5a8696c82bd6c7a9da.pdf
=856  40$uhttps://purl.fdlp.gov/GPO/gpo95274
=049  \\$aGPOO
=922  \\$aBatch-processed
=922  \\$aNIST-1$b20180815

