=LDR  01795nam  2200433Ia 45e0
=001  001077275
=003  OCoLC
=005  20180711120951.0
=008  160829s1961\\\\mdu\\\\\ob\\\f000\0\eng\d
=024  8\$aGOVPUB-C13-f4746a2864bf4a67af9a9933f7cc6fc7
=035  \\$a(OCoLC)957470662
=040  \\$aNBS$beng$erda$cNBS$dOCLCO$dOCLCF$dOCLCQ
=086  0\$aC 13.38:7381
=100  1\$aBurrow, Paul D.
=245  14$aThe attachment of low-energy electrons by halogenated hydrocarbons and other gases /$cPaul D. Burrow, E.C. Creitz.
=264  \1$aGaithersburg, MD :$bU.S. Dept. of Commerce, National Institute of Standards and Technology,$c1961.
=300  \\$a1 online resource.
=336  \\$atext$btxt$2rdacontent
=337  \\$acomputer$bc$2rdamedia
=338  \\$aonline resource$bcr$2rdacarrier
=490  1\$aNBS report ;$v7381
=500  \\$a1961.
=500  \\$aContributed record: Metadata reviewed, not verified. Some fields updated by batch processes.
=500  \\$aTitle from PDF title page.
=504  \\$aIncludes bibliographical references.
=650  \0$aFire extinguishing agents$xTesting.
=650  \0$aHydrocarbons$xTesting.
=650  \7$aFire extinguishing agents$xTesting.$2fast$0(OCoLC)fst00925378
=650  \7$aHydrocarbons$xTesting.$2fast$0(OCoLC)fst00964854
=700  1\$aBurrow, Paul D.
=700  1\$aCreitz, E. C.
=710  1\$aUnited States.$bNational Bureau of Standards.
=830  \0$aNBS report ;$v7381.
=856  4\$uhttps://dx.doi.org/10.6028/NBS.RPT.7381
=856  4\$zAddress at time of PURL creation$uhttps://www.govinfo.gov/content/pkg/GOVPUB-C13-f4746a2864bf4a67af9a9933f7cc6fc7/pdf/GOVPUB-C13-f4746a2864bf4a67af9a9933f7cc6fc7.pdf
=856  40$uhttps://purl.fdlp.gov/GPO/gpo104955
=049  \\$aGPOO
=922  \\$aBatch-processed
=922  \\$aNIST-1$b20180815

