=LDR  01615nam  2200397Ia 45e0
=001  001077149
=003  OCoLC
=005  20180711120934.0
=008  160829s1961\\\\mdu\\\\\ob\\\f000\0\eng\d
=024  8\$aGOVPUB-C13-d4857ecba8027b2bb0f647fdd03d106b
=035  \\$a(OCoLC)957470683
=040  \\$aNBS$beng$erda$cNBS$dOCLCO$dOCLCF$dOCLCQ
=086  0\$aC 13.38:7306
=100  1\$aBuschman, A. J.,$cJr.
=245  10$aIgnition of some woods exposed to low level thermal radiation /$cA.J. Buschman Jr.
=264  \1$aGaithersburg, MD :$bU.S. Dept. of Commerce, National Institute of Standards and Technology,$c1961.
=300  \\$a1 online resource.
=336  \\$atext$btxt$2rdacontent
=337  \\$acomputer$bc$2rdamedia
=338  \\$aonline resource$bcr$2rdacarrier
=490  1\$aNBS report ;$v7306
=500  \\$a1961.
=500  \\$aContributed record: Metadata reviewed, not verified. Some fields updated by batch processes.
=500  \\$aTitle from PDF title page.
=504  \\$aIncludes bibliographical references.
=650  \0$aFlame spread$xTesting.
=650  \7$aFlame spread$xTesting.$2fast$0(OCoLC)fst00926990
=700  1\$aBuschman, A. J.,$cJr.
=710  1\$aUnited States.$bNational Bureau of Standards.
=830  \0$aNBS report ;$v7306.
=856  4\$uhttps://dx.doi.org/10.6028/NBS.RPT.7306
=856  4\$zAddress at time of PURL creation$uhttps://www.govinfo.gov/content/pkg/GOVPUB-C13-d4857ecba8027b2bb0f647fdd03d106b/pdf/GOVPUB-C13-d4857ecba8027b2bb0f647fdd03d106b.pdf
=856  40$uhttps://purl.fdlp.gov/GPO/gpo103380
=049  \\$aGPOO
=922  \\$aBatch-processed
=922  \\$aNIST-1$b20180815

