=LDR  01708nam  2200421Ia 45e0
=001  001076783
=003  OCoLC
=005  20180711120951.0
=008  160829s1961\\\\mdu\\\\\ob\\\f000\0\eng\d
=024  8\$aGOVPUB-C13-746e277e286d245f01fa25882d4da3d2
=035  \\$a(OCoLC)957470663
=040  \\$aNBS$beng$erda$cNBS$dOCLCO$dOCLCQ$dOCLCF
=086  0\$aC 13.38:7382
=100  1\$aCole, Selden D.
=245  10$aInvestigation of fungus-resistance tests for show pan materials /$cSelden D. Cole, Paul R. Achenbach.
=264  \1$aGaithersburg, MD :$bU.S. Dept. of Commerce, National Institute of Standards and Technology,$c1961.
=300  \\$a1 online resource.
=336  \\$atext$btxt$2rdacontent
=337  \\$acomputer$bc$2rdamedia
=338  \\$aonline resource$bcr$2rdacarrier
=490  1\$aNBS report ;$v7382
=500  \\$a1961.
=500  \\$aContributed record: Metadata reviewed, not verified. Some fields updated by batch processes.
=500  \\$aTitle from PDF title page.
=504  \\$aIncludes bibliographical references.
=650  \0$aBuilding materials$xTesting.
=650  \0$aMolds (Fungi)$xTesting.
=650  \7$aBuilding materials$xTesting.$2fast$0(OCoLC)fst00840763
=700  1\$aAchenbach, Paul R.
=700  1\$aCole, Selden D.
=710  1\$aUnited States.$bNational Bureau of Standards.
=830  \0$aNBS report ;$v7382.
=856  4\$uhttps://dx.doi.org/10.6028/NBS.RPT.7382
=856  4\$zAddress at time of PURL creation$uhttps://www.govinfo.gov/content/pkg/GOVPUB-C13-746e277e286d245f01fa25882d4da3d2/pdf/GOVPUB-C13-746e277e286d245f01fa25882d4da3d2.pdf
=856  40$uhttps://purl.fdlp.gov/GPO/gpo99354
=049  \\$aGPOO
=922  \\$aBatch-processed
=922  \\$aNIST-1$b20180815

