=LDR  01764nam  2200421Ia 45e0
=001  001076523
=003  OCoLC
=005  20180711120952.0
=008  160829s1961\\\\mdu\\\\\ob\\\f000\0\eng\d
=024  8\$aGOVPUB-C13-336d229285f68f2062c65dc2e0be386e
=035  \\$a(OCoLC)957470680
=040  \\$aNBS$beng$erda$cNBS$dOCLCO$dOCLCQ$dOCLCF
=086  0\$aC 13.38:7109
=100  1\$aCullen, William C.
=245  10$aPerformance of coating systems when applied to surfaced built-up roofs to facilitate the removal of atomic fallout /$cWilliam C. Cullen, Edgar H. MacArthur.
=264  \1$aGaithersburg, MD :$bU.S. Dept. of Commerce, National Institute of Standards and Technology,$c1961.
=300  \\$a1 online resource.
=336  \\$atext$btxt$2rdacontent
=337  \\$acomputer$bc$2rdamedia
=338  \\$aonline resource$bcr$2rdacarrier
=490  1\$aNBS report ;$v7109
=500  \\$a1961.
=500  \\$aContributed record: Metadata reviewed, not verified. Some fields updated by batch processes.
=500  \\$aTitle from PDF title page.
=504  \\$aIncludes bibliographical references.
=650  \0$aCoatings$xTesting.
=650  \0$aRadioactive decontamination$xTesting.
=650  \7$aCoatings$xTesting.$2fast$0(OCoLC)fst00865873
=700  1\$aCullen, William C.
=700  1\$aMacArthur, Edgar H.
=710  1\$aUnited States.$bNational Bureau of Standards.
=830  \0$aNBS report ;$v7109.
=856  4\$uhttps://dx.doi.org/10.6028/NBS.RPT.7109
=856  4\$zAddress at time of PURL creation$uhttps://www.govinfo.gov/content/pkg/GOVPUB-C13-336d229285f68f2062c65dc2e0be386e/pdf/GOVPUB-C13-336d229285f68f2062c65dc2e0be386e.pdf
=856  40$uhttps://purl.fdlp.gov/GPO/gpo96547
=049  \\$aGPOO
=922  \\$aBatch-processed
=922  \\$aNIST-1$b20180815

