=LDR  01518nam  2200385Ia 45e0
=001  001076602
=003  OCoLC
=005  20180711120952.0
=008  160829s1961\\\\mdu\\\\\ob\\\f000\0\eng\d
=024  8\$aGOVPUB-C13-4596bb6d4721e223bcdab93a98af2cde
=035  \\$a(OCoLC)957470684
=040  \\$aNBS$beng$erda$cNBS$dOCLCO$dOCLCQ
=086  0\$aC 13.38:7323
=100  1\$aFlynn, Daniel R.
=245  10$aThermal conductivity of simi-conductive solids /$cD.R. Flynn.
=264  \1$aGaithersburg, MD :$bU.S. Dept. of Commerce, National Institute of Standards and Technology,$c1961.
=300  \\$a1 online resource.
=336  \\$atext$btxt$2rdacontent
=337  \\$acomputer$bc$2rdamedia
=338  \\$aonline resource$bcr$2rdacarrier
=490  1\$aNBS report ;$v7323
=500  \\$a1961.
=500  \\$aContributed record: Metadata reviewed, not verified. Some fields updated by batch processes.
=500  \\$aTitle from PDF title page.
=504  \\$aIncludes bibliographical references.
=650  \0$aSolids$xThermal conductivity.
=700  1\$aFlynn, Daniel R.
=710  1\$aUnited States.$bNational Bureau of Standards.
=830  \0$aNBS report ;$v7323.
=856  4\$uhttps://dx.doi.org/10.6028/NBS.RPT.7323
=856  4\$zAddress at time of PURL creation$uhttps://www.govinfo.gov/content/pkg/GOVPUB-C13-4596bb6d4721e223bcdab93a98af2cde/pdf/GOVPUB-C13-4596bb6d4721e223bcdab93a98af2cde.pdf
=856  40$uhttps://purl.fdlp.gov/GPO/gpo97270
=049  \\$aGPOO
=922  \\$aBatch-processed
=922  \\$aNIST-1$b20180815

