=LDR  01612nam  2200397Ia 45e0
=001  001077287
=003  OCoLC
=005  20180711120952.0
=008  160829s1961\\\\mdu\\\\\ob\\\f000\0\eng\d
=024  8\$aGOVPUB-C13-f9eb2e900d80654bb672442eb896430a
=035  \\$a(OCoLC)957470688
=040  \\$aNBS$beng$erda$cNBS$dOCLCO$dOCLCF$dOCLCQ
=086  0\$aC 13.38:7340
=100  1\$aGautreau, Ronald T.
=245  10$aDry powder decomposition in flames /$cRonald T. Gautreau.
=264  \1$aGaithersburg, MD :$bU.S. Dept. of Commerce, National Institute of Standards and Technology,$c1961.
=300  \\$a1 online resource.
=336  \\$atext$btxt$2rdacontent
=337  \\$acomputer$bc$2rdamedia
=338  \\$aonline resource$bcr$2rdacarrier
=490  1\$aNBS report ;$v7340
=500  \\$a1961.
=500  \\$aContributed record: Metadata reviewed, not verified. Some fields updated by batch processes.
=500  \\$aTitle from PDF title page.
=504  \\$aIncludes bibliographical references.
=650  \0$aFire extinguishing agents$xTesting.
=650  \7$aFire extinguishing agents$xTesting.$2fast$0(OCoLC)fst00925378
=700  1\$aGautreau, Ronald T.
=710  1\$aUnited States.$bNational Bureau of Standards.
=830  \0$aNBS report ;$v7340.
=856  4\$uhttps://dx.doi.org/10.6028/NBS.RPT.7340
=856  4\$zAddress at time of PURL creation$uhttps://www.govinfo.gov/content/pkg/GOVPUB-C13-f9eb2e900d80654bb672442eb896430a/pdf/GOVPUB-C13-f9eb2e900d80654bb672442eb896430a.pdf
=856  40$uhttps://purl.fdlp.gov/GPO/gpo105179
=049  \\$aGPOO
=922  \\$aBatch-processed
=922  \\$aNIST-1$b20180815

