=LDR  01737nam  2200421Ia 45e0
=001  001076761
=003  OCoLC
=005  20180711120950.0
=008  160829s1961\\\\mdu\\\\\ob\\\f000\0\eng\d
=024  8\$aGOVPUB-C13-6f22bac77a1eb00d6ffc49265b47d787
=035  \\$a(OCoLC)957470565
=040  \\$aNBS$beng$erda$cNBS$dOCLCO$dOCLCQ$dOCLCF
=086  0\$aC 13.38:7058
=100  1\$aGross, Daniel.
=245  10$aEstimation of the fire endurance of steel protected by sprayed insulation through use of an analog computer /$cDaniel Gross, J. Ducmanis.
=264  \1$aGaithersburg, MD :$bU.S. Dept. of Commerce, National Institute of Standards and Technology,$c1961.
=300  \\$a1 online resource.
=336  \\$atext$btxt$2rdacontent
=337  \\$acomputer$bc$2rdamedia
=338  \\$aonline resource$bcr$2rdacarrier
=490  1\$aNBS report ;$v7058
=500  \\$a1961.
=500  \\$aContributed record: Metadata reviewed, not verified. Some fields updated by batch processes.
=500  \\$aTitle from PDF title page.
=504  \\$aIncludes bibliographical references.
=650  \0$aInsulating materials$xTesting.
=650  \0$aSteel$xFire testing.
=650  \7$aInsulating materials$xTesting.$2fast$0(OCoLC)fst00974457
=700  1\$aDucmanis, J.
=700  1\$aGross, Daniel.
=710  1\$aUnited States.$bNational Bureau of Standards.
=830  \0$aNBS report ;$v7058.
=856  4\$uhttps://dx.doi.org/10.6028/NBS.RPT.7058
=856  4\$zAddress at time of PURL creation$uhttps://www.govinfo.gov/content/pkg/GOVPUB-C13-6f22bac77a1eb00d6ffc49265b47d787/pdf/GOVPUB-C13-6f22bac77a1eb00d6ffc49265b47d787.pdf
=856  40$uhttps://purl.fdlp.gov/GPO/gpo99143
=049  \\$aGPOO
=922  \\$aBatch-processed
=922  \\$aNIST-1$b20180815

