=LDR  01659nam  2200421Ia 45e0
=001  001077033
=003  OCoLC
=005  20180711120952.0
=008  160829s1961\\\\mdu\\\\\ob\\\f000\0\eng\d
=024  8\$aGOVPUB-C13-bb1792f736f95bfbf633582856688803
=035  \\$a(OCoLC)957470685
=040  \\$aNBS$beng$erda$cNBS$dOCLCO$dOCLCF$dOCLCQ
=086  0\$aC 13.38:7327
=100  1\$aGross, Daniel.
=245  10$aPreliminary results of experimental fires in enclosures /$cDaniel Gross.
=264  \1$aGaithersburg, MD :$bU.S. Dept. of Commerce, National Institute of Standards and Technology,$c1961.
=300  \\$a1 online resource.
=336  \\$atext$btxt$2rdacontent
=337  \\$acomputer$bc$2rdamedia
=338  \\$aonline resource$bcr$2rdacarrier
=490  1\$aNBS report ;$v7327
=500  \\$a1961.
=500  \\$aContributed record: Metadata reviewed, not verified. Some fields updated by batch processes.
=500  \\$aTitle from PDF title page.
=504  \\$aIncludes bibliographical references.
=650  \0$aFire testing.
=650  \0$aFlame spread.
=650  \7$aFire testing.$2fast$0(OCoLC)fst00925555
=650  \7$aFlame spread.$2fast$0(OCoLC)fst00926986
=700  1\$aGross, Daniel.
=710  1\$aUnited States.$bNational Bureau of Standards.
=830  \0$aNBS report ;$v7327.
=856  4\$uhttps://dx.doi.org/10.6028/NBS.RPT.7327
=856  4\$zAddress at time of PURL creation$uhttps://www.govinfo.gov/content/pkg/GOVPUB-C13-bb1792f736f95bfbf633582856688803/pdf/GOVPUB-C13-bb1792f736f95bfbf633582856688803.pdf
=856  40$uhttps://purl.fdlp.gov/GPO/gpo102324
=049  \\$aGPOO
=922  \\$aBatch-processed
=922  \\$aNIST-1$b20180815

