=LDR  01637nam  2200409Ia 45e0
=001  001077238
=003  OCoLC
=005  20180711120939.0
=008  160829s1961\\\\mdu\\\\\ob\\\f000\0\eng\d
=024  8\$aGOVPUB-C13-eb5fed4e3552583ae03c91543b9e4532
=035  \\$a(OCoLC)957470004
=040  \\$aNBS$beng$erda$cNBS$dOCLCO$dOCLCF$dOCLCQ
=086  0\$aC 13.38:7325
=100  1\$aGross, Daniel.
=245  10$aSurface flammability of cellular plastic foams /$cDaniel Gross, J.J. Loftus.
=264  \1$aGaithersburg, MD :$bU.S. Dept. of Commerce, National Institute of Standards and Technology,$c1961.
=300  \\$a1 online resource.
=336  \\$atext$btxt$2rdacontent
=337  \\$acomputer$bc$2rdamedia
=338  \\$aonline resource$bcr$2rdacarrier
=490  1\$aNBS report ;$v7325
=500  \\$a1961.
=500  \\$aContributed record: Metadata reviewed, not verified. Some fields updated by batch processes.
=500  \\$aTitle from PDF title page.
=504  \\$aIncludes bibliographical references.
=650  \0$aPlastic foams$xFlammability.
=650  \7$aPlastic foams$xFlammability.$2fast$0(OCoLC)fst01066476
=700  1\$aGross, Daniel.
=700  1\$aLoftus, J. J.
=710  1\$aUnited States.$bNational Bureau of Standards.
=830  \0$aNBS report ;$v7325.
=856  4\$uhttps://dx.doi.org/10.6028/NBS.RPT.7325
=856  4\$zAddress at time of PURL creation$uhttps://www.govinfo.gov/content/pkg/GOVPUB-C13-eb5fed4e3552583ae03c91543b9e4532/pdf/GOVPUB-C13-eb5fed4e3552583ae03c91543b9e4532.pdf
=856  40$uhttps://purl.fdlp.gov/GPO/gpo104597
=049  \\$aGPOO
=922  \\$aBatch-processed
=922  \\$aNIST-1$b20180815

