=LDR  01500nam  2200385Ia 45e0
=001  001077092
=003  OCoLC
=005  20180711120934.0
=008  160829s1961\\\\mdu\\\\\ob\\\f000\0\eng\d
=024  8\$aGOVPUB-C13-c8e09a1c9389b94bde28a460c4c1db54
=035  \\$a(OCoLC)957470681
=040  \\$aNBS$beng$erda$cNBS$dOCLCO$dOCLCQ
=086  0\$aC 13.38:7112
=100  1\$aReichard, T. W.
=245  10$aInsulating concretes /$cT.W. Reichard.
=264  \1$aGaithersburg, MD :$bU.S. Dept. of Commerce, National Institute of Standards and Technology,$c1961.
=300  \\$a1 online resource.
=336  \\$atext$btxt$2rdacontent
=337  \\$acomputer$bc$2rdamedia
=338  \\$aonline resource$bcr$2rdacarrier
=490  1\$aNBS report ;$v7112
=500  \\$a1961.
=500  \\$aContributed record: Metadata reviewed, not verified. Some fields updated by batch processes.
=500  \\$aTitle from PDF title page.
=504  \\$aIncludes bibliographical references.
=650  \0$aInsulating concrete forms$xTesting.
=700  1\$aReichard, T. W.
=710  1\$aUnited States.$bNational Bureau of Standards.
=830  \0$aNBS report ;$v7112.
=856  4\$uhttps://dx.doi.org/10.6028/NBS.RPT.7112
=856  4\$zAddress at time of PURL creation$uhttps://www.govinfo.gov/content/pkg/GOVPUB-C13-c8e09a1c9389b94bde28a460c4c1db54/pdf/GOVPUB-C13-c8e09a1c9389b94bde28a460c4c1db54.pdf
=856  40$uhttps://purl.fdlp.gov/GPO/gpo102922
=049  \\$aGPOO
=922  \\$aBatch-processed
=922  \\$aNIST-1$b20180815

