=LDR  01646nam  2200409Ia 45e0
=001  001076534
=003  OCoLC
=005  20180711120951.0
=008  160829s1961\\\\mdu\\\\\ob\\\f000\0\eng\d
=024  8\$aGOVPUB-C13-34f60f4c3ae5732c2b7f9d2d32b3a2f3
=035  \\$a(OCoLC)957470661
=040  \\$aNBS$beng$erda$cNBS$dOCLCO$dOCLCQ$dOCLCO$dOCLCF
=086  0\$aC 13.38:7373
=100  1\$aRobertson, A. F.
=245  10$aVisit to European fire research laboratories /$cA.F. Robertson.
=264  \1$aGaithersburg, MD :$bU.S. Dept. of Commerce, National Institute of Standards and Technology,$c1961.
=300  \\$a1 online resource.
=336  \\$atext$btxt$2rdacontent
=337  \\$acomputer$bc$2rdamedia
=338  \\$aonline resource$bcr$2rdacarrier
=490  1\$aNBS report ;$v7373
=500  \\$a1961.
=500  \\$aContributed record: Metadata reviewed, not verified. Some fields updated by batch processes.
=500  \\$aTitle from PDF title page.
=504  \\$aIncludes bibliographical references.
=650  \7$aFire prevention$xResearch.$2fast$0(OCoLC)fst00925487
=651  \0$aEurope$xFire research.
=651  \7$aEurope.$2fast$0(OCoLC)fst01245064
=700  1\$aRobertson, A. F.
=710  1\$aUnited States.$bNational Bureau of Standards.
=830  \0$aNBS report ;$v7373.
=856  4\$uhttps://dx.doi.org/10.6028/NBS.RPT.7373
=856  4\$zAddress at time of PURL creation$uhttps://www.govinfo.gov/content/pkg/GOVPUB-C13-34f60f4c3ae5732c2b7f9d2d32b3a2f3/pdf/GOVPUB-C13-34f60f4c3ae5732c2b7f9d2d32b3a2f3.pdf
=856  40$uhttps://purl.fdlp.gov/GPO/gpo96593
=049  \\$aGPOO
=922  \\$aBatch-processed
=922  \\$aNIST-1$b20180815

