=LDR  01588nam  2200385Ia 45e0
=001  001076876
=003  OCoLC
=005  20180711120952.0
=008  160829s1961\\\\mdu\\\\\ob\\\f000\0\eng\d
=024  8\$aGOVPUB-C13-8f7662caca1a3c2992e5f9f5c129f75a
=035  \\$a(OCoLC)957470687
=040  \\$aNBS$beng$erda$cNBS$dOCLCO$dOCLCQ
=086  0\$aC 13.38:7339
=100  1\$aSandholzer, Marjorie W.
=245  10$aEffect of fiber composition on textile flammability :$breport of preliminary work /$cMarjorie W. Sandholzer.
=264  \1$aGaithersburg, MD :$bU.S. Dept. of Commerce, National Institute of Standards and Technology,$c1961.
=300  \\$a1 online resource.
=336  \\$atext$btxt$2rdacontent
=337  \\$acomputer$bc$2rdamedia
=338  \\$aonline resource$bcr$2rdacarrier
=490  1\$aNBS report ;$v7339
=500  \\$a1961.
=500  \\$aContributed record: Metadata reviewed, not verified. Some fields updated by batch processes.
=500  \\$aTitle from PDF title page.
=504  \\$aIncludes bibliographical references.
=650  \0$aTextile fabrics$xCombustion$xTesting.
=700  1\$aSandholzer, Marjorie W.
=710  1\$aUnited States.$bNational Bureau of Standards.
=830  \0$aNBS report ;$v7339.
=856  4\$uhttps://dx.doi.org/10.6028/NBS.RPT.7339
=856  4\$zAddress at time of PURL creation$uhttps://www.govinfo.gov/content/pkg/GOVPUB-C13-8f7662caca1a3c2992e5f9f5c129f75a/pdf/GOVPUB-C13-8f7662caca1a3c2992e5f9f5c129f75a.pdf
=856  40$uhttps://purl.fdlp.gov/GPO/gpo100597
=049  \\$aGPOO
=922  \\$aBatch-processed
=922  \\$aNIST-1$b20180815

