=LDR  01625nam  2200397Ia 45e0
=001  001077015
=003  OCoLC
=005  20180711120952.0
=008  160829s1961\\\\mdu\\\\\ob\\\f000\0\eng\d
=024  8\$aGOVPUB-C13-b6357116543afe40e7dff4e47f7343fb
=035  \\$a(OCoLC)957470699
=040  \\$aNBS$beng$erda$cNBS$dOCLCO$dOCLCF$dOCLCQ
=086  0\$aC 13.38:7387
=100  1\$aSkoda, L. F.
=245  10$aTest of the mobilization structure under sustained uniformly distributed load /$cL.F. Skoda.
=264  \1$aGaithersburg, MD :$bU.S. Dept. of Commerce, National Institute of Standards and Technology,$c1961.
=300  \\$a1 online resource.
=336  \\$atext$btxt$2rdacontent
=337  \\$acomputer$bc$2rdamedia
=338  \\$aonline resource$bcr$2rdacarrier
=490  1\$aNBS report ;$v7387
=500  \\$a1961.
=500  \\$aContributed record: Metadata reviewed, not verified. Some fields updated by batch processes.
=500  \\$aTitle from PDF title page.
=504  \\$aIncludes bibliographical references.
=650  \0$aStrength of materials$xTesting.
=650  \7$aStrength of materials$xTesting.$2fast$0(OCoLC)fst01134849
=700  1\$aSkoda, L. F.
=710  1\$aUnited States.$bNational Bureau of Standards.
=830  \0$aNBS report ;$v7387.
=856  4\$uhttps://dx.doi.org/10.6028/NBS.RPT.7387
=856  4\$zAddress at time of PURL creation$uhttps://www.govinfo.gov/content/pkg/GOVPUB-C13-b6357116543afe40e7dff4e47f7343fb/pdf/GOVPUB-C13-b6357116543afe40e7dff4e47f7343fb.pdf
=856  40$uhttps://purl.fdlp.gov/GPO/gpo102133
=049  \\$aGPOO
=922  \\$aBatch-processed
=922  \\$aNIST-1$b20180815

