=LDR  01625nam  2200409Ia 45e0
=001  001076434
=003  OCoLC
=005  20180711120952.0
=008  160829s1961\\\\mdu\\\\\ob\\\f000\0\eng\d
=024  8\$aGOVPUB-C13-1dfe2c67d77dcec5f2b0fb1d199dfa21
=035  \\$a(OCoLC)957470689
=040  \\$aNBS$beng$erda$cNBS$dOCLCO$dOCLCQ
=086  0\$aC 13.38:7344
=100  1\$aStiehler, R. D.
=245  10$aWater faucet washers :$bfinal report January 1, 1960 to June 30, 1961 /$cR.D. Stiehler, G.G. Richey, E.A. Koerner, R.W. Young.
=264  \1$aGaithersburg, MD :$bU.S. Dept. of Commerce, National Institute of Standards and Technology,$c1961.
=300  \\$a1 online resource.
=336  \\$atext$btxt$2rdacontent
=337  \\$acomputer$bc$2rdamedia
=338  \\$aonline resource$bcr$2rdacarrier
=490  1\$aNBS report ;$v7344
=500  \\$a1961.
=500  \\$aContributed record: Metadata reviewed, not verified. Some fields updated by batch processes.
=500  \\$aTitle from PDF title page.
=504  \\$aIncludes bibliographical references.
=700  1\$aKoerner, E. A.
=700  1\$aRichey, G. G.
=700  1\$aStiehler, R. D.
=700  1\$aYoung, R. W.
=710  1\$aUnited States.$bNational Bureau of Standards.
=830  \0$aNBS report ;$v7344.
=856  4\$uhttps://dx.doi.org/10.6028/NBS.RPT.7344
=856  4\$zAddress at time of PURL creation$uhttps://www.govinfo.gov/content/pkg/GOVPUB-C13-1dfe2c67d77dcec5f2b0fb1d199dfa21/pdf/GOVPUB-C13-1dfe2c67d77dcec5f2b0fb1d199dfa21.pdf
=856  40$uhttps://purl.fdlp.gov/GPO/gpo95576
=049  \\$aGPOO
=922  \\$aBatch-processed
=922  \\$aNIST-1$b20180815

