=LDR  01651nam  2200397Ia 45e0
=001  001076880
=003  OCoLC
=005  20180711120952.0
=008  160829s1961\\\\mdu\\\\\ob\\\f000\0\eng\d
=024  8\$aGOVPUB-C13-90cfc9866c22b2b1e2e06d27af90eb0f
=035  \\$a(OCoLC)957470691
=040  \\$aNBS$beng$erda$cNBS$dOCLCO$dOCLCF$dOCLCQ
=086  0\$aC 13.38:7358
=100  1\$aVan Arsdale, George D.
=245  13$aAn investigation of the fire induced flow regime at the single ventilation opening in a model room enclosure /$cGeorge D. Van Arsdale.
=264  \1$aGaithersburg, MD :$bU.S. Dept. of Commerce, National Institute of Standards and Technology,$c1961.
=300  \\$a1 online resource.
=336  \\$atext$btxt$2rdacontent
=337  \\$acomputer$bc$2rdamedia
=338  \\$aonline resource$bcr$2rdacarrier
=490  1\$aNBS report ;$v7358
=500  \\$a1961.
=500  \\$aContributed record: Metadata reviewed, not verified. Some fields updated by batch processes.
=500  \\$aTitle from PDF title page.
=504  \\$aIncludes bibliographical references.
=650  \0$aFire testing.
=650  \7$aFire testing.$2fast$0(OCoLC)fst00925555
=700  1\$aVan Arsdale, George D.
=710  1\$aUnited States.$bNational Bureau of Standards.
=830  \0$aNBS report ;$v7358.
=856  4\$uhttps://dx.doi.org/10.6028/NBS.RPT.7358
=856  4\$zAddress at time of PURL creation$uhttps://www.govinfo.gov/content/pkg/GOVPUB-C13-90cfc9866c22b2b1e2e06d27af90eb0f/pdf/GOVPUB-C13-90cfc9866c22b2b1e2e06d27af90eb0f.pdf
=856  40$uhttps://purl.fdlp.gov/GPO/gpo100651
=049  \\$aGPOO
=922  \\$aBatch-processed
=922  \\$aNIST-1$b20180815

