=LDR  01618nam  2200397Ia 45e0
=001  001076678
=003  OCoLC
=005  20180711120950.0
=008  160829s1961\\\\mdu\\\\\ob\\\f000\0\eng\d
=024  8\$aGOVPUB-C13-56d0e90169e01c1b1b0cb90306fb2ada
=035  \\$a(OCoLC)957470564
=040  \\$aNBS$beng$erda$cNBS$dOCLCO$dOCLCQ
=086  0\$aC 13.38:7052
=100  1\$aWatson, Thomas W.
=245  10$aThermal conductivity of a specimen of Carpenter 20 stainless steel /$cThomas W. Watson, Henry E. Robinson.
=264  \1$aGaithersburg, MD :$bU.S. Dept. of Commerce, National Institute of Standards and Technology,$c1961.
=300  \\$a1 online resource.
=336  \\$atext$btxt$2rdacontent
=337  \\$acomputer$bc$2rdamedia
=338  \\$aonline resource$bcr$2rdacarrier
=490  1\$aNBS report ;$v7052
=500  \\$a1961.
=500  \\$aContributed record: Metadata reviewed, not verified. Some fields updated by batch processes.
=500  \\$aTitle from PDF title page.
=504  \\$aIncludes bibliographical references.
=650  \0$aStainless steel$xThermal conductivity$xTesting.
=700  1\$aRobinson, Henry E.
=700  1\$aWatson, Thomas W.
=710  1\$aUnited States.$bNational Bureau of Standards.
=830  \0$aNBS report ;$v7052.
=856  4\$uhttps://dx.doi.org/10.6028/NBS.RPT.7052
=856  4\$zAddress at time of PURL creation$uhttps://www.govinfo.gov/content/pkg/GOVPUB-C13-56d0e90169e01c1b1b0cb90306fb2ada/pdf/GOVPUB-C13-56d0e90169e01c1b1b0cb90306fb2ada.pdf
=856  40$uhttps://purl.fdlp.gov/GPO/gpo98064
=049  \\$aGPOO
=922  \\$aBatch-processed
=922  \\$aNIST-1$b20180815

