=LDR  01682nam  2200409Ia 45e0
=001  001076350
=003  OCoLC
=005  20180711120953.0
=008  161006s1962\\\\mdu\\\\\ob\\\f000\0\eng\d
=024  8\$aGOVPUB-C13-05aa32aa2b5dc39fe35f8a2569ae88e7
=035  \\$a(OCoLC)959982363
=040  \\$aNBS$beng$erda$cNBS$dOCLCO$dOCLCF$dOCLCQ
=086  0\$aC 13.38:7510
=100  1\$aBoone, Thomas H.
=245  10$aStandard measurements of slipperiness on walkway and roadway surfaces :$bprogress report I /$cThomas H. Boone, Charles W. Auld.
=264  \1$aGaithersburg, MD :$bU.S. Dept. of Commerce, National Institute of Standards and Technology,$c1962.
=300  \\$a1 online resource.
=336  \\$atext$btxt$2rdacontent
=337  \\$acomputer$bc$2rdamedia
=338  \\$aonline resource$bcr$2rdacarrier
=490  1\$aNBS report ;$v7510
=500  \\$a1962.
=500  \\$aContributed record: Metadata reviewed, not verified. Some fields updated by batch processes.
=500  \\$aTitle from PDF title page.
=504  \\$aIncludes bibliographical references.
=650  \0$aFriction$xMeasurement.
=650  \7$aFriction$xMeasurement.$2fast$0(OCoLC)fst00935129
=700  1\$aAuld, Charles W.
=700  1\$aBoone, Thomas H.
=710  1\$aUnited States.$bNational Bureau of Standards.
=830  \0$aNBS report ;$v7510.
=856  4\$uhttps://dx.doi.org/10.6028/NBS.RPT.7510
=856  4\$zAddress at time of PURL creation$uhttps://www.govinfo.gov/content/pkg/GOVPUB-C13-05aa32aa2b5dc39fe35f8a2569ae88e7/pdf/GOVPUB-C13-05aa32aa2b5dc39fe35f8a2569ae88e7.pdf
=856  40$uhttps://purl.fdlp.gov/GPO/gpo94613
=049  \\$aGPOO
=922  \\$aBatch-processed
=922  \\$aNIST-1$b20180815

