=LDR  01761nam  2200409Ia 45e0
=001  001076794
=003  OCoLC
=005  20180711120952.0
=008  160829s1962\\\\mdu\\\\\ob\\\f000\0\eng\d
=024  8\$aGOVPUB-C13-76b12a2b3bae9fdfdfe4816e9d2ac177
=035  \\$a(OCoLC)957470701
=040  \\$aNBS$beng$erda$cNBS$dOCLCO$dOCLCF$dOCLCQ
=086  0\$aC 13.38:7409
=100  1\$aCoblentz, Carl W.
=245  10$aPerformance test of a "Conomatic" air filter model 3-C90, with automatic renewable media B-1-A :$bmanufactured by Continental Air Filters, Inc. Louisville, Kentucky /$cCarl W. Coblentz, Paul R. Achenbach.
=264  \1$aGaithersburg, MD :$bU.S. Dept. of Commerce, National Institute of Standards and Technology,$c1962.
=300  \\$a1 online resource.
=336  \\$atext$btxt$2rdacontent
=337  \\$acomputer$bc$2rdamedia
=338  \\$aonline resource$bcr$2rdacarrier
=490  1\$aNBS report ;$v7409
=500  \\$a1962.
=500  \\$aContributed record: Metadata reviewed, not verified. Some fields updated by batch processes.
=500  \\$aTitle from PDF title page.
=504  \\$aIncludes bibliographical references.
=650  \0$aAir filters$xTesting.
=650  \7$aAir filters$xTesting.$2fast$0(OCoLC)fst00802369
=700  1\$aAchenbach, Paul R.
=700  1\$aCoblentz, Carl W.
=710  1\$aUnited States.$bNational Bureau of Standards.
=830  \0$aNBS report ;$v7409.
=856  4\$uhttps://dx.doi.org/10.6028/NBS.RPT.7409
=856  4\$zAddress at time of PURL creation$uhttps://www.govinfo.gov/content/pkg/GOVPUB-C13-76b12a2b3bae9fdfdfe4816e9d2ac177/pdf/GOVPUB-C13-76b12a2b3bae9fdfdfe4816e9d2ac177.pdf
=856  40$uhttps://purl.fdlp.gov/GPO/gpo99451
=049  \\$aGPOO
=922  \\$aBatch-processed
=922  \\$aNIST-1$b20180815

