=LDR  01732nam  2200409Ia 45e0
=001  001076818
=003  OCoLC
=005  20180711120954.0
=008  161006s1962\\\\mdu\\\\\ob\\\f000\0\eng\d
=024  8\$aGOVPUB-C13-7dd5bf3c60a1d0a535db8d78a7995f18
=035  \\$a(OCoLC)959982400
=040  \\$aNBS$beng$erda$cNBS$dOCLCO$dOCLCF$dOCLCQ
=086  0\$aC 13.38:7504
=100  1\$aCoblentz, Carl W.
=245  10$aPerformance tests of Farr replaceable cartridge filters types HP 100 and HP 200 :$bmanufactured by Farr Company Los Angeles, California /$cCarl W. Coblentz, Paul R. Achenbach.
=264  \1$aGaithersburg, MD :$bU.S. Dept. of Commerce, National Institute of Standards and Technology,$c1962.
=300  \\$a1 online resource.
=336  \\$atext$btxt$2rdacontent
=337  \\$acomputer$bc$2rdamedia
=338  \\$aonline resource$bcr$2rdacarrier
=490  1\$aNBS report ;$v7504
=500  \\$a1962.
=500  \\$aContributed record: Metadata reviewed, not verified. Some fields updated by batch processes.
=500  \\$aTitle from PDF title page.
=504  \\$aIncludes bibliographical references.
=650  \0$aAir filters$xTesting.
=650  \7$aAir filters$xTesting.$2fast$0(OCoLC)fst00802369
=700  1\$aAchenbach, Paul R.
=700  1\$aCoblentz, Carl W.
=710  1\$aUnited States.$bNational Bureau of Standards.
=830  \0$aNBS report ;$v7504.
=856  4\$uhttps://dx.doi.org/10.6028/NBS.RPT.7504
=856  4\$zAddress at time of PURL creation$uhttps://www.govinfo.gov/content/pkg/GOVPUB-C13-7dd5bf3c60a1d0a535db8d78a7995f18/pdf/GOVPUB-C13-7dd5bf3c60a1d0a535db8d78a7995f18.pdf
=856  40$uhttps://purl.fdlp.gov/GPO/gpo99734
=049  \\$aGPOO
=922  \\$aBatch-processed
=922  \\$aNIST-1$b20180815

