=LDR  01739nam  2200409Ia 45e0
=001  001077224
=003  OCoLC
=005  20180711120954.0
=008  161006s1962\\\\mdu\\\\\ob\\\f000\0\eng\d
=024  8\$aGOVPUB-C13-e66677b35ca81672e6adebb5e5b48e78
=035  \\$a(OCoLC)959982422
=040  \\$aNBS$beng$erda$cNBS$dOCLCO$dOCLCF$dOCLCQ
=086  0\$aC 13.38:7772
=100  1\$aCoblentz, Carl W.
=245  10$aPerformance test of the Roll-O-Tron electronic air cleaner, model #3-50HV :$bmanufactured by American Air Filter Company Louisville, Kentucky /$cCarl W. Coblentz, Paul R. Achenbach.
=264  \1$aGaithersburg, MD :$bU.S. Dept. of Commerce, National Institute of Standards and Technology,$c1962.
=300  \\$a1 online resource.
=336  \\$atext$btxt$2rdacontent
=337  \\$acomputer$bc$2rdamedia
=338  \\$aonline resource$bcr$2rdacarrier
=490  1\$aNBS report ;$v7772
=500  \\$a1962.
=500  \\$aContributed record: Metadata reviewed, not verified. Some fields updated by batch processes.
=500  \\$aTitle from PDF title page.
=504  \\$aIncludes bibliographical references.
=650  \0$aAir filters$xTesting.
=650  \7$aAir filters$xTesting.$2fast$0(OCoLC)fst00802369
=700  1\$aAchenbach, Paul R.
=700  1\$aCoblentz, Carl W.
=710  1\$aUnited States.$bNational Bureau of Standards.
=830  \0$aNBS report ;$v7772.
=856  4\$uhttps://dx.doi.org/10.6028/NBS.RPT.7772
=856  4\$zAddress at time of PURL creation$uhttps://www.govinfo.gov/content/pkg/GOVPUB-C13-e66677b35ca81672e6adebb5e5b48e78/pdf/GOVPUB-C13-e66677b35ca81672e6adebb5e5b48e78.pdf
=856  40$uhttps://purl.fdlp.gov/GPO/gpo104409
=049  \\$aGPOO
=922  \\$aBatch-processed
=922  \\$aNIST-1$b20180815

