=LDR  01787nam  2200433Ia 45e0
=001  001076333
=003  OCoLC
=005  20180711120945.0
=008  160829s1962\\\\mdu\\\\\ob\\\f000\0\eng\d
=024  8\$aGOVPUB-C13-0130099fdb400db0d4109a6b617499fb
=035  \\$a(OCoLC)957470327
=040  \\$aNBS$beng$erda$cNBS$dOCLCO$dOCLCF$dOCLCQ
=086  0\$aC 13.38:7449
=100  1\$aCole, Selden D.
=245  10$aEffect of boiling of the insulation in underground heat distribution systems /$cSelden D. Cole, Paul R. Achenbach.
=264  \1$aGaithersburg, MD :$bU.S. Dept. of Commerce, National Institute of Standards and Technology,$c1962.
=300  \\$a1 online resource.
=336  \\$atext$btxt$2rdacontent
=337  \\$acomputer$bc$2rdamedia
=338  \\$aonline resource$bcr$2rdacarrier
=490  1\$aNBS report ;$v7449
=500  \\$a1962.
=500  \\$aContributed record: Metadata reviewed, not verified. Some fields updated by batch processes.
=500  \\$aTitle from PDF title page.
=504  \\$aIncludes bibliographical references.
=650  \0$aInsulating materials$xTesting.
=650  \0$aSteam-pipes$xTesting.
=650  \7$aInsulating materials$xTesting.$2fast$0(OCoLC)fst00974457
=650  \7$aSteam-pipes$xTesting.$2fast$0(OCoLC)fst01132390
=700  1\$aAchenbach, Paul R.
=700  1\$aCole, Selden D.
=710  1\$aUnited States.$bNational Bureau of Standards.
=830  \0$aNBS report ;$v7449.
=856  4\$uhttps://dx.doi.org/10.6028/NBS.RPT.7449
=856  4\$zAddress at time of PURL creation$uhttps://www.govinfo.gov/content/pkg/GOVPUB-C13-0130099fdb400db0d4109a6b617499fb/pdf/GOVPUB-C13-0130099fdb400db0d4109a6b617499fb.pdf
=856  40$uhttps://purl.fdlp.gov/GPO/gpo94394
=049  \\$aGPOO
=922  \\$aBatch-processed
=922  \\$aNIST-1$b20180815

