=LDR  01684nam  2200397Ia 45e0
=001  001076517
=003  OCoLC
=005  20180711120940.0
=008  160829s1962\\\\mdu\\\\\ob\\\f000\0\eng\d
=024  8\$aGOVPUB-C13-319e537d48c59083effa10cfcf382ec2
=035  \\$a(OCoLC)957470046
=040  \\$aNBS$beng$erda$cNBS$dOCLCO$dOCLCF$dOCLCQ
=086  0\$aC 13.38:7425
=100  1\$aCreitz, E. C.
=245  10$aMechanisms of fire ignition and extinguishment :$btenth progress report covering the period 1 February 1961 to 31 January 1962 /$cE.C. Creitz.
=264  \1$aGaithersburg, MD :$bU.S. Dept. of Commerce, National Institute of Standards and Technology,$c1962.
=300  \\$a1 online resource.
=336  \\$atext$btxt$2rdacontent
=337  \\$acomputer$bc$2rdamedia
=338  \\$aonline resource$bcr$2rdacarrier
=490  1\$aNBS report ;$v7425
=500  \\$a1962.
=500  \\$aContributed record: Metadata reviewed, not verified. Some fields updated by batch processes.
=500  \\$aTitle from PDF title page.
=504  \\$aIncludes bibliographical references.
=650  \0$aFire extinguishing agents$xTesting.
=650  \7$aFire extinguishing agents$xTesting.$2fast$0(OCoLC)fst00925378
=700  1\$aCreitz, E. C.
=710  1\$aUnited States.$bNational Bureau of Standards.
=830  \0$aNBS report ;$v7425.
=856  4\$uhttps://dx.doi.org/10.6028/NBS.RPT.7425
=856  4\$zAddress at time of PURL creation$uhttps://www.govinfo.gov/content/pkg/GOVPUB-C13-319e537d48c59083effa10cfcf382ec2/pdf/GOVPUB-C13-319e537d48c59083effa10cfcf382ec2.pdf
=856  40$uhttps://purl.fdlp.gov/GPO/gpo96487
=049  \\$aGPOO
=922  \\$aBatch-processed
=922  \\$aNIST-1$b20180815

