=LDR  01719nam  2200409Ia 45e0
=001  001077182
=003  OCoLC
=005  20180711120954.0
=008  161006s1962\\\\mdu\\\\\ob\\\f000\0\eng\d
=024  8\$aGOVPUB-C13-dcbaf733a4e735e30f26e0d3a9ee84c6
=035  \\$a(OCoLC)959982408
=040  \\$aNBS$beng$erda$cNBS$dOCLCO$dOCLCQ$dOCLCF
=086  0\$aC 13.38:7577
=100  1\$aCreitz, E. C.
=245  10$aMechanisms of fire ignition and extinguishment :$btwelfth progress report covering the period 1 May to 30 July 1962 /$cE.C. Creitz.
=264  \1$aGaithersburg, MD :$bU.S. Dept. of Commerce, National Institute of Standards and Technology,$c1962.
=300  \\$a1 online resource.
=336  \\$atext$btxt$2rdacontent
=337  \\$acomputer$bc$2rdamedia
=338  \\$aonline resource$bcr$2rdacarrier
=490  1\$aNBS report ;$v7577
=500  \\$a1962.
=500  \\$aContributed record: Metadata reviewed, not verified. Some fields updated by batch processes.
=500  \\$aTitle from PDF title page.
=504  \\$aIncludes bibliographical references.
=650  \0$aFire extinguishing agents$xTesting.
=650  \0$aMass spectrometers$xTesting.
=650  \7$aFire extinguishing agents$xTesting.$2fast$0(OCoLC)fst00925378
=700  1\$aCreitz, E. C.
=710  1\$aUnited States.$bNational Bureau of Standards.
=830  \0$aNBS report ;$v7577.
=856  4\$uhttps://dx.doi.org/10.6028/NBS.RPT.7577
=856  4\$zAddress at time of PURL creation$uhttps://www.govinfo.gov/content/pkg/GOVPUB-C13-dcbaf733a4e735e30f26e0d3a9ee84c6/pdf/GOVPUB-C13-dcbaf733a4e735e30f26e0d3a9ee84c6.pdf
=856  40$uhttps://purl.fdlp.gov/GPO/gpo103976
=049  \\$aGPOO
=922  \\$aBatch-processed
=922  \\$aNIST-1$b20180815

