=LDR  01711nam  2200421Ia 45e0
=001  001076796
=003  OCoLC
=005  20180711120954.0
=008  161006s1962\\\\mdu\\\\\ob\\\f000\0\eng\d
=024  8\$aGOVPUB-C13-7745f726b6445f65bd17ff4f4f07102e
=035  \\$a(OCoLC)959982397
=040  \\$aNBS$beng$erda$cNBS$dOCLCO$dOCLCQ$dOCLCO$dOCLCF$dOCLCA
=086  0\$aC 13.38:7489
=100  1\$aCullen, William C.
=245  10$aPerformance of roofing in Puerto Rico /$cWilliam C. Cullen, William W. Walton.
=264  \1$aGaithersburg, MD :$bU.S. Dept. of Commerce, National Institute of Standards and Technology,$c1962.
=300  \\$a1 online resource.
=336  \\$atext$btxt$2rdacontent
=337  \\$acomputer$bc$2rdamedia
=338  \\$aonline resource$bcr$2rdacarrier
=490  1\$aNBS report ;$v7489
=500  \\$a1962.
=500  \\$aContributed record: Metadata reviewed, not verified. Some fields updated by batch processes.
=500  \\$aTitle from PDF title page.
=504  \\$aIncludes bibliographical references.
=650  \7$aRoofing$xTesting.$2fast$0(OCoLC)fst01100284
=651  \0$aPuerto Rico$xRoofing$xTesting.
=651  \7$aPuerto Rico.$2fast$0(OCoLC)fst01205432
=700  1\$aCullen, William C.
=700  1\$aWalton, William W.
=710  1\$aUnited States.$bNational Bureau of Standards.
=830  \0$aNBS report ;$v7489.
=856  4\$uhttps://dx.doi.org/10.6028/NBS.RPT.7489
=856  4\$zAddress at time of PURL creation$uhttps://www.govinfo.gov/content/pkg/GOVPUB-C13-7745f726b6445f65bd17ff4f4f07102e/pdf/GOVPUB-C13-7745f726b6445f65bd17ff4f4f07102e.pdf
=856  40$uhttps://purl.fdlp.gov/GPO/gpo99479
=049  \\$aGPOO
=922  \\$aBatch-processed
=922  \\$aNIST-1$b20180815

