=LDR  01736nam  2200421Ia 45e0
=001  001077219
=003  OCoLC
=005  20180711120952.0
=008  160829s1962\\\\mdu\\\\\ob\\\f000\0\eng\d
=024  8\$aGOVPUB-C13-e4271533e7e9bd1cb05d227c68bdc757
=035  \\$a(OCoLC)957470720
=040  \\$aNBS$beng$erda$cNBS$dOCLCO$dOCLCQ$dOCLCF
=086  0\$aC 13.38:7470
=100  1\$aCullen, William C.
=245  14$aThe effect of insulation on the durability of a smooth-surfaced, built-up roof /$cWilliam C. Cullen, William H. Appleton.
=264  \1$aGaithersburg, MD :$bU.S. Dept. of Commerce, National Institute of Standards and Technology,$c1962.
=300  \\$a1 online resource.
=336  \\$atext$btxt$2rdacontent
=337  \\$acomputer$bc$2rdamedia
=338  \\$aonline resource$bcr$2rdacarrier
=490  1\$aNBS report ;$v7470
=500  \\$a1962.
=500  \\$aContributed record: Metadata reviewed, not verified. Some fields updated by batch processes.
=500  \\$aTitle from PDF title page.
=504  \\$aIncludes bibliographical references.
=650  \0$aInsulation$xTesting.
=650  \0$aRoofing, Bituminous$xTesting.
=650  \7$aRoofing, Bituminous$xTesting.$2fast$0(OCoLC)fst01100301
=700  1\$aAppleton, William H.
=700  1\$aCullen, William C.
=710  1\$aUnited States.$bNational Bureau of Standards.
=830  \0$aNBS report ;$v7470.
=856  4\$uhttps://dx.doi.org/10.6028/NBS.RPT.7470
=856  4\$zAddress at time of PURL creation$uhttps://www.govinfo.gov/content/pkg/GOVPUB-C13-e4271533e7e9bd1cb05d227c68bdc757/pdf/GOVPUB-C13-e4271533e7e9bd1cb05d227c68bdc757.pdf
=856  40$uhttps://purl.fdlp.gov/GPO/gpo104303
=049  \\$aGPOO
=922  \\$aBatch-processed
=922  \\$aNIST-1$b20180815

