=LDR  01703nam  2200421Ia 45e0
=001  001077156
=003  OCoLC
=005  20180711120954.0
=008  161006s1962\\\\mdu\\\\\ob\\\f000\0\eng\d
=024  8\$aGOVPUB-C13-d680b7fa901c957e6de8d6bbdfa25f3b
=035  \\$a(OCoLC)959982413
=040  \\$aNBS$beng$erda$cNBS$dOCLCO$dOCLCQ$dOCLCF
=086  0\$aC 13.38:7714
=100  1\$aDavis, Joseph C.
=245  10$aAir delivery performance of a Herman Nelson unit ventilator under isothermal conditions /$cJoseph C. Davis.
=264  \1$aGaithersburg, MD :$bU.S. Dept. of Commerce, National Institute of Standards and Technology,$c1962.
=300  \\$a1 online resource.
=336  \\$atext$btxt$2rdacontent
=337  \\$acomputer$bc$2rdamedia
=338  \\$aonline resource$bcr$2rdacarrier
=490  1\$aNBS report ;$v7714
=500  \\$a1962.
=500  \\$aContributed record: Metadata reviewed, not verified. Some fields updated by batch processes.
=500  \\$aTitle from PDF title page.
=504  \\$aIncludes bibliographical references.
=650  \0$aAir conditioning$xControl$xTesting.
=650  \0$aClassrooms.
=650  \0$aHeating$xControl$xTesting.
=650  \7$aClassrooms.$2fast$0(OCoLC)fst00863746
=700  1\$aDavis, Joseph C.
=710  1\$aUnited States.$bNational Bureau of Standards.
=830  \0$aNBS report ;$v7714.
=856  4\$uhttps://dx.doi.org/10.6028/NBS.RPT.7714
=856  4\$zAddress at time of PURL creation$uhttps://www.govinfo.gov/content/pkg/GOVPUB-C13-d680b7fa901c957e6de8d6bbdfa25f3b/pdf/GOVPUB-C13-d680b7fa901c957e6de8d6bbdfa25f3b.pdf
=856  40$uhttps://purl.fdlp.gov/GPO/gpo103466
=049  \\$aGPOO
=922  \\$aBatch-processed
=922  \\$aNIST-1$b20180815

