=LDR  01795nam  2200409Ia 45e0
=001  001076702
=003  OCoLC
=005  20180711120954.0
=008  161006s1962\\\\mdu\\\\\ob\\\f000\0\eng\d
=024  8\$aGOVPUB-C13-5e989540d498a5088485f9bcca2d11f9
=035  \\$a(OCoLC)959982421
=040  \\$aNBS$beng$erda$cNBS$dOCLCO$dOCLCF$dOCLCQ
=086  0\$aC 13.38:7760
=100  1\$aDockery, R. J.
=245  10$aCapacity tests of five remote air-cooled refrigerant condensers :$bmanufactured by Dunham-Bush, Inc. West Hartford, Connecticut /$cR.J. Dockery, C.W. Phillips.
=264  \1$aGaithersburg, MD :$bU.S. Dept. of Commerce, National Institute of Standards and Technology,$c1962.
=300  \\$a1 online resource.
=336  \\$atext$btxt$2rdacontent
=337  \\$acomputer$bc$2rdamedia
=338  \\$aonline resource$bcr$2rdacarrier
=490  1\$aNBS report ;$v7760
=500  \\$a1962.
=500  \\$aContributed record: Metadata reviewed, not verified. Some fields updated by batch processes.
=500  \\$aTitle from PDF title page.
=504  \\$aIncludes bibliographical references.
=650  \0$aRefrigeration and refrigerating machinery$xTesting.
=650  \7$aRefrigeration and refrigerating machinery$xTesting.$2fast$0(OCoLC)fst01092744
=700  1\$aDockery, R. J.
=700  1\$aPhillips, C. W.$q(Clinton Woodward),$d1919-
=710  1\$aUnited States.$bNational Bureau of Standards.
=830  \0$aNBS report ;$v7760.
=856  4\$uhttps://dx.doi.org/10.6028/NBS.RPT.7760
=856  4\$zAddress at time of PURL creation$uhttps://www.govinfo.gov/content/pkg/GOVPUB-C13-5e989540d498a5088485f9bcca2d11f9/pdf/GOVPUB-C13-5e989540d498a5088485f9bcca2d11f9.pdf
=856  40$uhttps://purl.fdlp.gov/GPO/gpo98517
=049  \\$aGPOO
=922  \\$aBatch-processed
=922  \\$aNIST-1$b20180815

