=LDR  01657nam  2200385Ia 45e0
=001  001076398
=003  OCoLC
=005  20180711120952.0
=008  160829s1962\\\\mdu\\\\\ob\\\f000\0\eng\d
=024  8\$aGOVPUB-C13-155c8f8c13a0b94f3d6459094beaffb5
=035  \\$a(OCoLC)957470713
=040  \\$aNBS$beng$erda$cNBS$dOCLCO$dOCLCQ
=086  0\$aC 13.38:7466
=100  1\$aFlynn, Daniel R.
=245  10$aThermal conductivity of semiconductive solids :$bmethod for steady-state measurements on small disk reference samples technical progress report for period October 1 to December 31, 1961 /$cD.R. Flynn.
=264  \1$aGaithersburg, MD :$bU.S. Dept. of Commerce, National Institute of Standards and Technology,$c1962.
=300  \\$a1 online resource.
=336  \\$atext$btxt$2rdacontent
=337  \\$acomputer$bc$2rdamedia
=338  \\$aonline resource$bcr$2rdacarrier
=490  1\$aNBS report ;$v7466
=500  \\$a1962.
=500  \\$aContributed record: Metadata reviewed, not verified. Some fields updated by batch processes.
=500  \\$aTitle from PDF title page.
=504  \\$aIncludes bibliographical references.
=650  \0$aSolids$xThermal conductivity.
=700  1\$aFlynn, Daniel R.
=710  1\$aUnited States.$bNational Bureau of Standards.
=830  \0$aNBS report ;$v7466.
=856  4\$uhttps://dx.doi.org/10.6028/NBS.RPT.7466
=856  4\$zAddress at time of PURL creation$uhttps://www.govinfo.gov/content/pkg/GOVPUB-C13-155c8f8c13a0b94f3d6459094beaffb5/pdf/GOVPUB-C13-155c8f8c13a0b94f3d6459094beaffb5.pdf
=856  40$uhttps://purl.fdlp.gov/GPO/gpo95277
=049  \\$aGPOO
=922  \\$aBatch-processed
=922  \\$aNIST-1$b20180815

