=LDR  01665nam  2200385Ia 45e0
=001  001076586
=003  OCoLC
=005  20180711120954.0
=008  161006s1962\\\\mdu\\\\\ob\\\f000\0\eng\d
=024  8\$aGOVPUB-C13-42d27c4f092b62fb820bd657d3c53530
=035  \\$a(OCoLC)959982418
=040  \\$aNBS$beng$erda$cNBS$dOCLCO$dOCLCQ
=086  0\$aC 13.38:7740
=100  1\$aFlynn, Daniel R.
=245  10$aThermal conductivity of semiconductive solids :$bmethod for steady-state measurements on small disk reference samples, interim technical report covering period April 1, 1961, to August 31, 1962 /$cD.R. Flynn.
=264  \1$aGaithersburg, MD :$bU.S. Dept. of Commerce, National Institute of Standards and Technology,$c1962.
=300  \\$a1 online resource.
=336  \\$atext$btxt$2rdacontent
=337  \\$acomputer$bc$2rdamedia
=338  \\$aonline resource$bcr$2rdacarrier
=490  1\$aNBS report ;$v7740
=500  \\$a1962.
=500  \\$aContributed record: Metadata reviewed, not verified. Some fields updated by batch processes.
=500  \\$aTitle from PDF title page.
=504  \\$aIncludes bibliographical references.
=650  \0$aSolids$xThermal conductivity.
=700  1\$aFlynn, Daniel R.
=710  1\$aUnited States.$bNational Bureau of Standards.
=830  \0$aNBS report ;$v7740.
=856  4\$uhttps://dx.doi.org/10.6028/NBS.RPT.7740
=856  4\$zAddress at time of PURL creation$uhttps://www.govinfo.gov/content/pkg/GOVPUB-C13-42d27c4f092b62fb820bd657d3c53530/pdf/GOVPUB-C13-42d27c4f092b62fb820bd657d3c53530.pdf
=856  40$uhttps://purl.fdlp.gov/GPO/gpo97163
=049  \\$aGPOO
=922  \\$aBatch-processed
=922  \\$aNIST-1$b20180815

