=LDR  01661nam  2200409Ia 45e0
=001  001076754
=003  OCoLC
=005  20180711120954.0
=008  161006s1962\\\\mdu\\\\\ob\\\f000\0\eng\d
=024  8\$aGOVPUB-C13-6c7827b385bf6b3c0e88a38fc3b971e4
=035  \\$a(OCoLC)959982410
=040  \\$aNBS$beng$erda$cNBS$dOCLCO$dOCLCQ$dOCLCF
=086  0\$aC 13.38:7589
=100  1\$aGreenfeld, Sidney H.
=245  14$aThe application of x-ray projection microscopy to roofing asphalt systems /$cSidney H. Greenfeld.
=264  \1$aGaithersburg, MD :$bU.S. Dept. of Commerce, National Institute of Standards and Technology,$c1962.
=300  \\$a1 online resource.
=336  \\$atext$btxt$2rdacontent
=337  \\$acomputer$bc$2rdamedia
=338  \\$aonline resource$bcr$2rdacarrier
=490  1\$aNBS report ;$v7589
=500  \\$a1962.
=500  \\$aContributed record: Metadata reviewed, not verified. Some fields updated by batch processes.
=500  \\$aTitle from PDF title page.
=504  \\$aIncludes bibliographical references.
=650  \0$aAsphalt$xTesting.
=650  \0$aX-ray microscopes$xTesting.
=650  \7$aAsphalt$xTesting.$2fast$0(OCoLC)fst00818834
=700  1\$aGreenfeld, Sidney H.
=710  1\$aUnited States.$bNational Bureau of Standards.
=830  \0$aNBS report ;$v7589.
=856  4\$uhttps://dx.doi.org/10.6028/NBS.RPT.7589
=856  4\$zAddress at time of PURL creation$uhttps://www.govinfo.gov/content/pkg/GOVPUB-C13-6c7827b385bf6b3c0e88a38fc3b971e4/pdf/GOVPUB-C13-6c7827b385bf6b3c0e88a38fc3b971e4.pdf
=856  40$uhttps://purl.fdlp.gov/GPO/gpo99041
=049  \\$aGPOO
=922  \\$aBatch-processed
=922  \\$aNIST-1$b20180815

