=LDR  01705nam  2200421Ia 45e0
=001  001077254
=003  OCoLC
=005  20180711120952.0
=008  160829s1962\\\\mdu\\\\\ob\\\f000\0\eng\d
=024  8\$aGOVPUB-C13-eeafd144d398df2020e5f7c8b0290143
=035  \\$a(OCoLC)957470702
=040  \\$aNBS$beng$erda$cNBS$dOCLCO$dOCLCF$dOCLCO$dOCLCQ
=086  0\$aC 13.38:7420
=100  1\$aGreenfeld, Sidney H.
=245  10$aAir oxidation of asphalts /$cSidney H. Greenfeld.
=264  \1$aGaithersburg, MD :$bU.S. Dept. of Commerce, National Institute of Standards and Technology,$c1962.
=300  \\$a1 online resource.
=336  \\$atext$btxt$2rdacontent
=337  \\$acomputer$bc$2rdamedia
=338  \\$aonline resource$bcr$2rdacarrier
=490  1\$aNBS report ;$v7420
=500  \\$a1962.
=500  \\$aContributed record: Metadata reviewed, not verified. Some fields updated by batch processes.
=500  \\$aTitle from PDF title page.
=504  \\$aIncludes bibliographical references.
=650  \0$aAsphalt$xTesting.
=650  \0$aMaterials$xDeterioration$xTesting.
=650  \7$aAsphalt$xTesting.$2fast$0(OCoLC)fst00818834
=650  \7$aMaterials$xDeterioration$xTesting.$2fast$0(OCoLC)fst01011806
=700  1\$aGreenfeld, Sidney H.
=710  1\$aUnited States.$bNational Bureau of Standards.
=830  \0$aNBS report ;$v7420.
=856  4\$uhttps://dx.doi.org/10.6028/NBS.RPT.7420
=856  4\$zAddress at time of PURL creation$uhttps://www.govinfo.gov/content/pkg/GOVPUB-C13-eeafd144d398df2020e5f7c8b0290143/pdf/GOVPUB-C13-eeafd144d398df2020e5f7c8b0290143.pdf
=856  40$uhttps://purl.fdlp.gov/GPO/gpo104732
=049  \\$aGPOO
=922  \\$aBatch-processed
=922  \\$aNIST-1$b20180815

