=LDR  01740nam  2200421Ia 45e0
=001  001076766
=003  OCoLC
=005  20180711120953.0
=008  161006s1962\\\\mdu\\\\\ob\\\f000\0\eng\d
=024  8\$aGOVPUB-C13-6fea12cd942c069a559fdaea3506a71a
=035  \\$a(OCoLC)959982365
=040  \\$aNBS$beng$erda$cNBS$dOCLCO$dOCLCF$dOCLCQ
=086  0\$aC 13.38:7534
=100  1\$aGross, Daniel.
=245  12$aA direct electrical-analog method for two-dimensional transient heat flow analysis of fire-exposed structures /$cDaniel Gross.
=264  \1$aGaithersburg, MD :$bU.S. Dept. of Commerce, National Institute of Standards and Technology,$c1962.
=300  \\$a1 online resource.
=336  \\$atext$btxt$2rdacontent
=337  \\$acomputer$bc$2rdamedia
=338  \\$aonline resource$bcr$2rdacarrier
=490  1\$aNBS report ;$v7534
=500  \\$a1962.
=500  \\$aContributed record: Metadata reviewed, not verified. Some fields updated by batch processes.
=500  \\$aTitle from PDF title page.
=504  \\$aIncludes bibliographical references.
=650  \0$aAnalog computer simulation.
=650  \0$aFire testing.
=650  \7$aAnalog computer simulation.$2fast$0(OCoLC)fst00808284
=650  \7$aFire testing.$2fast$0(OCoLC)fst00925555
=700  1\$aGross, Daniel.
=710  1\$aUnited States.$bNational Bureau of Standards.
=830  \0$aNBS report ;$v7534.
=856  4\$uhttps://dx.doi.org/10.6028/NBS.RPT.7534
=856  4\$zAddress at time of PURL creation$uhttps://www.govinfo.gov/content/pkg/GOVPUB-C13-6fea12cd942c069a559fdaea3506a71a/pdf/GOVPUB-C13-6fea12cd942c069a559fdaea3506a71a.pdf
=856  40$uhttps://purl.fdlp.gov/GPO/gpo99184
=049  \\$aGPOO
=922  \\$aBatch-processed
=922  \\$aNIST-1$b20180815

