=LDR  01778nam  2200421Ia 45e0
=001  001076663
=003  OCoLC
=005  20180711120954.0
=008  161006s1962\\\\mdu\\\\\ob\\\f000\0\eng\d
=024  8\$aGOVPUB-C13-546ce8613016016995d2b440fd968854
=035  \\$a(OCoLC)959982428
=040  \\$aNBS$beng$erda$cNBS$dOCLCO$dOCLCQ
=086  0\$aC 13.38:7806
=100  1\$aHarrison, William N.
=245  10$aStandardization of thermal emittance measurements :$bpart IV. Normal spectral emittance, 800 degrees - 1,400 degrees K /$cWilliam N. Harrison, Joseph C. Richmond, Frederick J. Shorten, Horace S. Joseph.
=264  \1$aGaithersburg, MD :$bU.S. Dept. of Commerce, National Institute of Standards and Technology,$c1962.
=300  \\$a1 online resource.
=336  \\$atext$btxt$2rdacontent
=337  \\$acomputer$bc$2rdamedia
=338  \\$aonline resource$bcr$2rdacarrier
=490  1\$aNBS report ;$v7806
=500  \\$a1962.
=500  \\$aContributed record: Metadata reviewed, not verified. Some fields updated by batch processes.
=500  \\$aTitle from PDF title page.
=504  \\$aIncludes bibliographical references.
=650  \0$aSteel, Structural$xFire testing.
=700  1\$aHarrison, William N.
=700  1\$aJoseph, Horace S.
=700  1\$aRichmond, Joseph C.
=700  1\$aShorten, Frederick J.
=710  1\$aUnited States.$bNational Bureau of Standards.
=830  \0$aNBS report ;$v7806.
=856  4\$uhttps://dx.doi.org/10.6028/NBS.RPT.7806
=856  4\$zAddress at time of PURL creation$uhttps://www.govinfo.gov/content/pkg/GOVPUB-C13-546ce8613016016995d2b440fd968854/pdf/GOVPUB-C13-546ce8613016016995d2b440fd968854.pdf
=856  40$uhttps://purl.fdlp.gov/GPO/gpo97977
=049  \\$aGPOO
=922  \\$aBatch-processed
=922  \\$aNIST-1$b20180815

