=LDR  01730nam  2200409Ia 45e0
=001  001076691
=003  OCoLC
=005  20180711120954.0
=008  161006s1962\\\\mdu\\\\\ob\\\f000\0\eng\d
=024  8\$aGOVPUB-C13-5b1e3a3aaa4b056b205bd4dd68b4ce44
=035  \\$a(OCoLC)959982396
=040  \\$aNBS$beng$erda$cNBS$dOCLCO$dOCLCF$dOCLCQ
=086  0\$aC 13.38:7523
=100  1\$aJoseph, Horace M.
=245  10$aStandardization of thermal emittance measurements :$bprogress report no. 15, January 1 - March 31, 1962 /$cHorace M. Joseph, William N. Harrison.
=264  \1$aGaithersburg, MD :$bU.S. Dept. of Commerce, National Institute of Standards and Technology,$c1962.
=300  \\$a1 online resource.
=336  \\$atext$btxt$2rdacontent
=337  \\$acomputer$bc$2rdamedia
=338  \\$aonline resource$bcr$2rdacarrier
=490  1\$aNBS report ;$v7523
=500  \\$a1962.
=500  \\$aContributed record: Metadata reviewed, not verified. Some fields updated by batch processes.
=500  \\$aTitle from PDF title page.
=504  \\$aIncludes bibliographical references.
=650  \0$aSpectral reflectance$xMeasurement.
=650  \7$aSpectral reflectance$xMeasurement.$2fast$0(OCoLC)fst01129066
=700  1\$aHarrison, William N.
=700  1\$aJoseph, Horace M.
=710  1\$aUnited States.$bNational Bureau of Standards.
=830  \0$aNBS report ;$v7523.
=856  4\$uhttps://dx.doi.org/10.6028/NBS.RPT.7523
=856  4\$zAddress at time of PURL creation$uhttps://www.govinfo.gov/content/pkg/GOVPUB-C13-5b1e3a3aaa4b056b205bd4dd68b4ce44/pdf/GOVPUB-C13-5b1e3a3aaa4b056b205bd4dd68b4ce44.pdf
=856  40$uhttps://purl.fdlp.gov/GPO/gpo98359
=049  \\$aGPOO
=922  \\$aBatch-processed
=922  \\$aNIST-1$b20180815

