=LDR  01575nam  2200397Ia 45e0
=001  001076438
=003  OCoLC
=005  20180711120934.0
=008  161006s1962\\\\mdu\\\\\ob\\\f000\0\eng\d
=024  8\$aGOVPUB-C13-1ed7bd897d6f562fadce928100bb5651
=035  \\$a(OCoLC)959982366
=040  \\$aNBS$beng$erda$cNBS$dOCLCO$dOCLCQ
=086  0\$aC 13.38:7537
=100  1\$aMills, R. M.
=245  12$aA new radio frequency time-of-flight mass spectrometer /$cR.M. Mills.
=264  \1$aGaithersburg, MD :$bU.S. Dept. of Commerce, National Institute of Standards and Technology,$c1962.
=300  \\$a1 online resource.
=336  \\$atext$btxt$2rdacontent
=337  \\$acomputer$bc$2rdamedia
=338  \\$aonline resource$bcr$2rdacarrier
=490  1\$aNBS report ;$v7537
=500  \\$a1962.
=500  \\$aContributed record: Metadata reviewed, not verified. Some fields updated by batch processes.
=500  \\$aTitle from PDF title page.
=504  \\$aIncludes bibliographical references.
=650  \0$aMass spectrometry$xTesting.
=650  \0$aTime-of-flight mass spectrometry$xTesting.
=700  1\$aMills, R. M.
=710  1\$aUnited States.$bNational Bureau of Standards.
=830  \0$aNBS report ;$v7537.
=856  4\$uhttps://dx.doi.org/10.6028/NBS.RPT.7537
=856  4\$zAddress at time of PURL creation$uhttps://www.govinfo.gov/content/pkg/GOVPUB-C13-1ed7bd897d6f562fadce928100bb5651/pdf/GOVPUB-C13-1ed7bd897d6f562fadce928100bb5651.pdf
=856  40$uhttps://purl.fdlp.gov/GPO/gpo95606
=049  \\$aGPOO
=922  \\$aBatch-processed
=922  \\$aNIST-1$b20180815

