=LDR  01721nam  2200397Ia 45e0
=001  001076331
=003  OCoLC
=005  20180711120952.0
=008  160829s1962\\\\mdu\\\\\ob\\\f000\0\eng\d
=024  8\$aGOVPUB-C13-0005a7cbbff0df3cdfe03ff3c0252470
=035  \\$a(OCoLC)957470675
=040  \\$aNBS$beng$erda$cNBS$dOCLCO$dOCLCF$dOCLCQ
=086  0\$aC 13.38:7441
=100  1\$aPhillips, Carl W.
=245  14$aThe development of a rating method for refrigerated trucks :$bprogress report for the quarter ending December 31, 1961 /$cCarl W. Phillips.
=264  \1$aGaithersburg, MD :$bU.S. Dept. of Commerce, National Institute of Standards and Technology,$c1962.
=300  \\$a1 online resource.
=336  \\$atext$btxt$2rdacontent
=337  \\$acomputer$bc$2rdamedia
=338  \\$aonline resource$bcr$2rdacarrier
=490  1\$aNBS report ;$v7441
=500  \\$a1962.
=500  \\$aContributed record: Metadata reviewed, not verified. Some fields updated by batch processes.
=500  \\$aTitle from PDF title page.
=504  \\$aIncludes bibliographical references.
=650  \0$aRefrigeration and refrigerating machinery$xTesting.
=650  \7$aRefrigeration and refrigerating machinery$xTesting.$2fast$0(OCoLC)fst01092744
=700  1\$aPhillips, Carl W.
=710  1\$aUnited States.$bNational Bureau of Standards.
=830  \0$aNBS report ;$v7441.
=856  4\$uhttps://dx.doi.org/10.6028/NBS.RPT.7441
=856  4\$zAddress at time of PURL creation$uhttps://www.govinfo.gov/content/pkg/GOVPUB-C13-0005a7cbbff0df3cdfe03ff3c0252470/pdf/GOVPUB-C13-0005a7cbbff0df3cdfe03ff3c0252470.pdf
=856  40$uhttps://purl.fdlp.gov/GPO/gpo94393
=049  \\$aGPOO
=922  \\$aBatch-processed
=922  \\$aNIST-1$b20180815

