=LDR  01592nam  2200409Ia 45e0
=001  001077209
=003  OCoLC
=005  20180711120939.0
=008  160829s1962\\\\mdu\\\\\ob\\\f000\0\eng\d
=024  8\$aGOVPUB-C13-e137f7c2a8ad7f991e5e331b3d2cd722
=035  \\$a(OCoLC)957469605
=040  \\$aNBS$beng$erda$cNBS$dOCLCO$dOCLCQ
=086  0\$aC 13.38:7421
=100  1\$aRyan, J. V.
=245  10$aFire endurance test of two bulkhead assemblies /$cJ.V. Ryan, E.W. Bender.
=264  \1$aGaithersburg, MD :$bU.S. Dept. of Commerce, National Institute of Standards and Technology,$c1962.
=300  \\$a1 online resource.
=336  \\$atext$btxt$2rdacontent
=337  \\$acomputer$bc$2rdamedia
=338  \\$aonline resource$bcr$2rdacarrier
=490  1\$aNBS report ;$v7421
=500  \\$a1962.
=500  \\$aContributed record: Metadata reviewed, not verified. Some fields updated by batch processes.
=500  \\$aTitle from PDF title page.
=504  \\$aIncludes bibliographical references.
=650  \0$aBulkheads$xFire testing.
=650  \0$aMerchant ships$xFire testing.
=700  1\$aBender, E. W.
=700  1\$aRyan, J. V.
=710  1\$aUnited States.$bNational Bureau of Standards.
=830  \0$aNBS report ;$v7421.
=856  4\$uhttps://dx.doi.org/10.6028/NBS.RPT.7421
=856  4\$zAddress at time of PURL creation$uhttps://www.govinfo.gov/content/pkg/GOVPUB-C13-e137f7c2a8ad7f991e5e331b3d2cd722/pdf/GOVPUB-C13-e137f7c2a8ad7f991e5e331b3d2cd722.pdf
=856  40$uhttps://purl.fdlp.gov/GPO/gpo104162
=049  \\$aGPOO
=922  \\$aBatch-processed
=922  \\$aNIST-1$b20180815

