=LDR  01728nam  2200433Ia 45e0
=001  001076717
=003  OCoLC
=005  20180711120954.0
=008  161006s1962\\\\mdu\\\\\ob\\\f000\0\eng\d
=024  8\$aGOVPUB-C13-626ba2f1e1459f2c4d67ea446f0c79d2
=035  \\$a(OCoLC)959982395
=040  \\$aNBS$beng$erda$cNBS$dOCLCO$dOCLCF$dOCLCQ$dOCLCO
=086  0\$aC 13.38:7520
=100  1\$aShoub, H.
=245  10$aLiterature and information survey on chimneys and fireplaces /$cH. Shoub.
=264  \1$aGaithersburg, MD :$bU.S. Dept. of Commerce, National Institute of Standards and Technology,$c1962.
=300  \\$a1 online resource.
=336  \\$atext$btxt$2rdacontent
=337  \\$acomputer$bc$2rdamedia
=338  \\$aonline resource$bcr$2rdacarrier
=490  1\$aNBS report ;$v7520
=500  \\$a1962.
=500  \\$aContributed record: Metadata reviewed, not verified. Some fields updated by batch processes.
=500  \\$aTitle from PDF title page.
=504  \\$aIncludes bibliographical references.
=650  \0$aChimneys$vBibliography.
=650  \0$aFireplaces$vBibliography.
=650  \7$aChimneys.$2fast$0(OCoLC)fst00857077
=650  \7$aFireplaces.$2fast$0(OCoLC)fst00925674
=655  \7$aBibliography.$2fast$0(OCoLC)fst01423717
=700  1\$aShoub, H.
=710  1\$aUnited States.$bNational Bureau of Standards.
=830  \0$aNBS report ;$v7520.
=856  4\$uhttps://dx.doi.org/10.6028/NBS.RPT.7520
=856  4\$zAddress at time of PURL creation$uhttps://www.govinfo.gov/content/pkg/GOVPUB-C13-626ba2f1e1459f2c4d67ea446f0c79d2/pdf/GOVPUB-C13-626ba2f1e1459f2c4d67ea446f0c79d2.pdf
=856  40$uhttps://purl.fdlp.gov/GPO/gpo98663
=049  \\$aGPOO
=922  \\$aBatch-processed
=922  \\$aNIST-1$b20180815

