=LDR  01678nam  2200409Ia 45e0
=001  001077155
=003  OCoLC
=005  20180711120953.0
=008  161006s1962\\\\mdu\\\\\ob\\\f000\0\eng\d
=024  8\$aGOVPUB-C13-d66968ad66fafdca8ecebd8ce0d457c6
=035  \\$a(OCoLC)959982367
=040  \\$aNBS$beng$erda$cNBS$dOCLCO$dOCLCQ
=086  0\$aC 13.38:7542
=100  1\$aWalton, William W.
=245  10$aMaterials used in waterproofing systems on underground structures :$bprogress report /$cWilliam W. Walton, Thomas H. Boone, William C. Cullen, Austin J. Turner.
=264  \1$aGaithersburg, MD :$bU.S. Dept. of Commerce, National Institute of Standards and Technology,$c1962.
=300  \\$a1 online resource.
=336  \\$atext$btxt$2rdacontent
=337  \\$acomputer$bc$2rdamedia
=338  \\$aonline resource$bcr$2rdacarrier
=490  1\$aNBS report ;$v7542
=500  \\$a1962.
=500  \\$aContributed record: Metadata reviewed, not verified. Some fields updated by batch processes.
=500  \\$aTitle from PDF title page.
=504  \\$aIncludes bibliographical references.
=700  1\$aBoone, Thomas H.
=700  1\$aCullen, William C.
=700  1\$aTurner, Austin J.
=700  1\$aWalton, William W.
=710  1\$aUnited States.$bNational Bureau of Standards.
=830  \0$aNBS report ;$v7542.
=856  4\$uhttps://dx.doi.org/10.6028/NBS.RPT.7542
=856  4\$zAddress at time of PURL creation$uhttps://www.govinfo.gov/content/pkg/GOVPUB-C13-d66968ad66fafdca8ecebd8ce0d457c6/pdf/GOVPUB-C13-d66968ad66fafdca8ecebd8ce0d457c6.pdf
=856  40$uhttps://purl.fdlp.gov/GPO/gpo103461
=049  \\$aGPOO
=922  \\$aBatch-processed
=922  \\$aNIST-1$b20180815

