=LDR  01616nam  2200397Ia 45e0
=001  001077166
=003  OCoLC
=005  20180711120954.0
=008  161006s1962\\\\mdu\\\\\ob\\\f000\0\eng\d
=024  8\$aGOVPUB-C13-d9a1862bb2e10b5a2a2a8ce6f49a4bac
=035  \\$a(OCoLC)959982398
=040  \\$aNBS$beng$erda$cNBS$dOCLCO$dOCLCF$dOCLCQ
=086  0\$aC 13.38:7492
=100  1\$aWolfe, Winthrop C.
=245  10$aBonding to treated concrete surfaces :$bprogress report /$cWinthrop C. Wolfe.
=264  \1$aGaithersburg, MD :$bU.S. Dept. of Commerce, National Institute of Standards and Technology,$c1962.
=300  \\$a1 online resource.
=336  \\$atext$btxt$2rdacontent
=337  \\$acomputer$bc$2rdamedia
=338  \\$aonline resource$bcr$2rdacarrier
=490  1\$aNBS report ;$v7492
=500  \\$a1962.
=500  \\$aContributed record: Metadata reviewed, not verified. Some fields updated by batch processes.
=500  \\$aTitle from PDF title page.
=504  \\$aIncludes bibliographical references.
=650  \0$aFlooring, Concrete$xTesting.
=650  \7$aFlooring, Concrete$xTesting.$2fast$0(OCoLC)fst00927626
=700  1\$aWolfe, Winthrop C.
=710  1\$aUnited States.$bNational Bureau of Standards.
=830  \0$aNBS report ;$v7492.
=856  4\$uhttps://dx.doi.org/10.6028/NBS.RPT.7492
=856  4\$zAddress at time of PURL creation$uhttps://www.govinfo.gov/content/pkg/GOVPUB-C13-d9a1862bb2e10b5a2a2a8ce6f49a4bac/pdf/GOVPUB-C13-d9a1862bb2e10b5a2a2a8ce6f49a4bac.pdf
=856  40$uhttps://purl.fdlp.gov/GPO/gpo103809
=049  \\$aGPOO
=922  \\$aBatch-processed
=922  \\$aNIST-1$b20180815

