=LDR  01760nam  2200433Ia 45e0
=001  001076413
=003  OCoLC
=005  20180711120945.0
=008  160829s1962\\\\mdu\\\\\ob\\\f000\0\eng\d
=024  8\$aGOVPUB-C13-1956556e5ac61d0a5112535c60ff9ef9
=035  \\$a(OCoLC)957470326
=040  \\$aNBS$beng$erda$cNBS$dOCLCO$dOCLCF$dOCLCO$dOCLCQ
=086  0\$aC 13.38:7448
=100  1\$aWright, James R.
=245  14$aThe electrophoretic mobility of asphaltenes in nitromethane /$cJames R. Wright, Richard R. Minesinger.
=264  \1$aGaithersburg, MD :$bU.S. Dept. of Commerce, National Institute of Standards and Technology,$c1962.
=300  \\$a1 online resource.
=336  \\$atext$btxt$2rdacontent
=337  \\$acomputer$bc$2rdamedia
=338  \\$aonline resource$bcr$2rdacarrier
=490  1\$aNBS report ;$v7448
=500  \\$a1962.
=500  \\$aContributed record: Metadata reviewed, not verified. Some fields updated by batch processes.
=500  \\$aTitle from PDF title page.
=504  \\$aIncludes bibliographical references.
=650  \0$aAsphalt$xTesting.
=650  \0$aAsphaltene$xTesting.
=650  \7$aAsphalt$xTesting.$2fast$0(OCoLC)fst00818834
=650  \7$aAsphaltene$xTesting.$2fast$0(OCoLC)fst00818886
=700  1\$aMinesinger, Richard R.
=700  1\$aWright, James R.
=710  1\$aUnited States.$bNational Bureau of Standards.
=830  \0$aNBS report ;$v7448.
=856  4\$uhttps://dx.doi.org/10.6028/NBS.RPT.7448
=856  4\$zAddress at time of PURL creation$uhttps://www.govinfo.gov/content/pkg/GOVPUB-C13-1956556e5ac61d0a5112535c60ff9ef9/pdf/GOVPUB-C13-1956556e5ac61d0a5112535c60ff9ef9.pdf
=856  40$uhttps://purl.fdlp.gov/GPO/gpo95341
=049  \\$aGPOO
=922  \\$aBatch-processed
=922  \\$aNIST-1$b20180815

