=LDR  01585nam  2200397Ia 45e0
=001  001076466
=003  OCoLC
=005  20180711120953.0
=008  161006s1962\\\\mdu\\\\\ob\\\f000\0\eng\d
=024  8\$aGOVPUB-C13-264a39ca905810a2e4926f7adbec29f1
=035  \\$a(OCoLC)959982368
=040  \\$aNBS$beng$erda$cNBS$dOCLCO$dOCLCQ
=086  0\$aC 13.38:7736
=100  1\$aWyly, Robert S.
=245  10$aFluid dynamics of plumbing :$bprogress report no. 1 /$cR.S. Wyly, R.W. Beausoliel.
=264  \1$aGaithersburg, MD :$bU.S. Dept. of Commerce, National Institute of Standards and Technology,$c1962.
=300  \\$a1 online resource.
=336  \\$atext$btxt$2rdacontent
=337  \\$acomputer$bc$2rdamedia
=338  \\$aonline resource$bcr$2rdacarrier
=490  1\$aNBS report ;$v7736
=500  \\$a1962.
=500  \\$aContributed record: Metadata reviewed, not verified. Some fields updated by batch processes.
=500  \\$aTitle from PDF title page.
=504  \\$aIncludes bibliographical references.
=650  \0$aPlumbing$xDesign and construction$xTesting.
=700  1\$aBeausoliel, R. W.
=700  1\$aWyly, Robert S.
=710  1\$aUnited States.$bNational Bureau of Standards.
=830  \0$aNBS report ;$v7736.
=856  4\$uhttps://dx.doi.org/10.6028/NBS.RPT.7736
=856  4\$zAddress at time of PURL creation$uhttps://www.govinfo.gov/content/pkg/GOVPUB-C13-264a39ca905810a2e4926f7adbec29f1/pdf/GOVPUB-C13-264a39ca905810a2e4926f7adbec29f1.pdf
=856  40$uhttps://purl.fdlp.gov/GPO/gpo95897
=049  \\$aGPOO
=922  \\$aBatch-processed
=922  \\$aNIST-1$b20180815

