=LDR  01672nam  2200409Ia 45e0
=001  001076349
=003  OCoLC
=005  20180711120953.0
=008  161006s1963\\\\mdu\\\\\ob\\\f000\0\eng\d
=024  8\$aGOVPUB-C13-056b00c4040afa3d21f6451b424bbafd
=035  \\$a(OCoLC)959982266
=040  \\$aNBS$beng$erda$cNBS$dOCLCO$dOCLCF$dOCLCQ
=086  0\$aC 13.38:8013
=100  1\$aCole, Selden D.
=245  10$aSupplementary investigation of test procedures for heating and air conditioning ducts /$cSelden D. Cole, Paul R. Achenbach.
=264  \1$aGaithersburg, MD :$bU.S. Dept. of Commerce, National Institute of Standards and Technology,$c1963.
=300  \\$a1 online resource.
=336  \\$atext$btxt$2rdacontent
=337  \\$acomputer$bc$2rdamedia
=338  \\$aonline resource$bcr$2rdacarrier
=490  1\$aNBS report ;$v8013
=500  \\$a1963.
=500  \\$aContributed record: Metadata reviewed, not verified. Some fields updated by batch processes.
=500  \\$aTitle from PDF title page.
=504  \\$aIncludes bibliographical references.
=650  \0$aAir ducts$xTesting.
=650  \7$aAir ducts$xTesting.$2fast$0(OCoLC)fst00802362
=700  1\$aAchenbach, Paul R.
=700  1\$aCole, Selden D.
=710  1\$aUnited States.$bNational Bureau of Standards.
=830  \0$aNBS report ;$v8013.
=856  4\$uhttps://dx.doi.org/10.6028/NBS.RPT.8013
=856  4\$zAddress at time of PURL creation$uhttps://www.govinfo.gov/content/pkg/GOVPUB-C13-056b00c4040afa3d21f6451b424bbafd/pdf/GOVPUB-C13-056b00c4040afa3d21f6451b424bbafd.pdf
=856  40$uhttps://purl.fdlp.gov/GPO/gpo94588
=049  \\$aGPOO
=922  \\$aBatch-processed
=922  \\$aNIST-1$b20180815

