=LDR  01620nam  2200397Ia 45e0
=001  001076868
=003  OCoLC
=005  20180711120955.0
=008  161006s1963\\\\mdu\\\\\ob\\\f000\0\eng\d
=024  8\$aGOVPUB-C13-8c9b040756c19242e4a864d99cf6bd03
=035  \\$a(OCoLC)959982459
=040  \\$aNBS$beng$erda$cNBS$dOCLCO$dOCLCQ
=086  0\$aC 13.38:8097
=100  1\$aCole, Selden D.
=245  10$aPerformance of hot-water panel heating systems in high-rise apartments of the Chicago Housing Authority /$cSelden D. Cole, Paul R. Achenbach.
=264  \1$aGaithersburg, MD :$bU.S. Dept. of Commerce, National Institute of Standards and Technology,$c1963.
=300  \\$a1 online resource.
=336  \\$atext$btxt$2rdacontent
=337  \\$acomputer$bc$2rdamedia
=338  \\$aonline resource$bcr$2rdacarrier
=490  1\$aNBS report ;$v8097
=500  \\$a1963.
=500  \\$aContributed record: Metadata reviewed, not verified. Some fields updated by batch processes.
=500  \\$aTitle from PDF title page.
=504  \\$aIncludes bibliographical references.
=650  \0$aHeating$xControl.
=700  1\$aAchenbach, Paul R.
=700  1\$aCole, Selden D.
=710  1\$aUnited States.$bNational Bureau of Standards.
=830  \0$aNBS report ;$v8097.
=856  4\$uhttps://dx.doi.org/10.6028/NBS.RPT.8097
=856  4\$zAddress at time of PURL creation$uhttps://www.govinfo.gov/content/pkg/GOVPUB-C13-8c9b040756c19242e4a864d99cf6bd03/pdf/GOVPUB-C13-8c9b040756c19242e4a864d99cf6bd03.pdf
=856  40$uhttps://purl.fdlp.gov/GPO/gpo100485
=049  \\$aGPOO
=922  \\$aBatch-processed
=922  \\$aNIST-1$b20180815

