=LDR  01690nam  2200397Ia 45e0
=001  001076505
=003  OCoLC
=005  20180711120955.0
=008  161006s1963\\\\mdu\\\\\ob\\\f000\0\eng\d
=024  8\$aGOVPUB-C13-2eb4a7676ef4ea63eba5038e16d66e0a
=035  \\$a(OCoLC)959982458
=040  \\$aNBS$beng$erda$cNBS$dOCLCO$dOCLCF$dOCLCQ
=086  0\$aC 13.38:8079
=100  1\$aCreitz, E. C.
=245  10$aMechanisms of fire ignition and extinguishment :$bsixteenth quarterly progress report covering the period 1 May 1963 to 31 July 1963 /$cE.C. Creitz.
=264  \1$aGaithersburg, MD :$bU.S. Dept. of Commerce, National Institute of Standards and Technology,$c1963.
=300  \\$a1 online resource.
=336  \\$atext$btxt$2rdacontent
=337  \\$acomputer$bc$2rdamedia
=338  \\$aonline resource$bcr$2rdacarrier
=490  1\$aNBS report ;$v8079
=500  \\$a1963.
=500  \\$aContributed record: Metadata reviewed, not verified. Some fields updated by batch processes.
=500  \\$aTitle from PDF title page.
=504  \\$aIncludes bibliographical references.
=650  \0$aFire extinguishing agents$xTesting.
=650  \7$aFire extinguishing agents$xTesting.$2fast$0(OCoLC)fst00925378
=700  1\$aCreitz, E. C.
=710  1\$aUnited States.$bNational Bureau of Standards.
=830  \0$aNBS report ;$v8079.
=856  4\$uhttps://dx.doi.org/10.6028/NBS.RPT.8079
=856  4\$zAddress at time of PURL creation$uhttps://www.govinfo.gov/content/pkg/GOVPUB-C13-2eb4a7676ef4ea63eba5038e16d66e0a/pdf/GOVPUB-C13-2eb4a7676ef4ea63eba5038e16d66e0a.pdf
=856  40$uhttps://purl.fdlp.gov/GPO/gpo96262
=049  \\$aGPOO
=922  \\$aBatch-processed
=922  \\$aNIST-1$b20180815

