=LDR  01680nam  2200397Ia 45e0
=001  001076822
=003  OCoLC
=005  20180711120953.0
=008  161006s1963\\\\mdu\\\\\ob\\\f000\0\eng\d
=024  8\$aGOVPUB-C13-7fa099f2a9bcd41219a43317bee03050
=035  \\$a(OCoLC)959982235
=040  \\$aNBS$beng$erda$cNBS$dOCLCO$dOCLCF$dOCLCQ
=086  0\$aC 13.38:8134
=100  1\$aCreitz, E. C.
=245  10$aMechanisms of fire ignition and extinguishment :$bseventeenth quarterly progress report covering the period August 1, 1963 /$cE.C. Creitz.
=264  \1$aGaithersburg, MD :$bU.S. Dept. of Commerce, National Institute of Standards and Technology,$c1963.
=300  \\$a1 online resource.
=336  \\$atext$btxt$2rdacontent
=337  \\$acomputer$bc$2rdamedia
=338  \\$aonline resource$bcr$2rdacarrier
=490  1\$aNBS report ;$v8134
=500  \\$a1963.
=500  \\$aContributed record: Metadata reviewed, not verified. Some fields updated by batch processes.
=500  \\$aTitle from PDF title page.
=504  \\$aIncludes bibliographical references.
=650  \0$aFire extinguishing agents$xTesting.
=650  \7$aFire extinguishing agents$xTesting.$2fast$0(OCoLC)fst00925378
=700  1\$aCreitz, E. C.
=710  1\$aUnited States.$bNational Bureau of Standards.
=830  \0$aNBS report ;$v8134.
=856  4\$uhttps://dx.doi.org/10.6028/NBS.RPT.8134
=856  4\$zAddress at time of PURL creation$uhttps://www.govinfo.gov/content/pkg/GOVPUB-C13-7fa099f2a9bcd41219a43317bee03050/pdf/GOVPUB-C13-7fa099f2a9bcd41219a43317bee03050.pdf
=856  40$uhttps://purl.fdlp.gov/GPO/gpo99804
=049  \\$aGPOO
=922  \\$aBatch-processed
=922  \\$aNIST-1$b20180815

