=LDR  01682nam  2200397Ia 45e0
=001  001076890
=003  OCoLC
=005  20180711120953.0
=008  161006s1963\\\\mdu\\\\\ob\\\f000\0\eng\d
=024  8\$aGOVPUB-C13-92b4e3603750fd5c855e461abaf37537
=035  \\$a(OCoLC)959982221
=040  \\$aNBS$beng$erda$cNBS$dOCLCO$dOCLCF$dOCLCQ
=086  0\$aC 13.38:7889
=100  1\$aCreitz, E. C.
=245  10$aMechanisms of fire ignition and extinguishment :$bfifteenth progress report covering the period 1 February to 30 April 1963 /$cE.C. Creitz.
=264  \1$aGaithersburg, MD :$bU.S. Dept. of Commerce, National Institute of Standards and Technology,$c1963.
=300  \\$a1 online resource.
=336  \\$atext$btxt$2rdacontent
=337  \\$acomputer$bc$2rdamedia
=338  \\$aonline resource$bcr$2rdacarrier
=490  1\$aNBS report ;$v7889
=500  \\$a1963.
=500  \\$aContributed record: Metadata reviewed, not verified. Some fields updated by batch processes.
=500  \\$aTitle from PDF title page.
=504  \\$aIncludes bibliographical references.
=650  \0$aFire extinguishing agents$xTesting.
=650  \7$aFire extinguishing agents$xTesting.$2fast$0(OCoLC)fst00925378
=700  1\$aCreitz, E. C.
=710  1\$aUnited States.$bNational Bureau of Standards.
=830  \0$aNBS report ;$v7889.
=856  4\$uhttps://dx.doi.org/10.6028/NBS.RPT.7889
=856  4\$zAddress at time of PURL creation$uhttps://www.govinfo.gov/content/pkg/GOVPUB-C13-92b4e3603750fd5c855e461abaf37537/pdf/GOVPUB-C13-92b4e3603750fd5c855e461abaf37537.pdf
=856  40$uhttps://purl.fdlp.gov/GPO/gpo100726
=049  \\$aGPOO
=922  \\$aBatch-processed
=922  \\$aNIST-1$b20180815

