=LDR  01593nam  2200385Ia 45e0
=001  001077012
=003  OCoLC
=005  20180711120954.0
=008  161006s1963\\\\mdu\\\\\ob\\\f000\0\eng\d
=024  8\$aGOVPUB-C13-b608a63aa5e138604955552d2dbba14a
=035  \\$a(OCoLC)959982432
=040  \\$aNBS$beng$erda$cNBS$dOCLCO$dOCLCQ
=086  0\$aC 13.38:7831
=100  1\$aCullen, William C.
=245  10$aSolar heating, emissive cooling, and thermal movement and their effect on the performance of built-up roof /$cWilliam C. Cullen.
=264  \1$aGaithersburg, MD :$bU.S. Dept. of Commerce, National Institute of Standards and Technology,$c1963.
=300  \\$a1 online resource.
=336  \\$atext$btxt$2rdacontent
=337  \\$acomputer$bc$2rdamedia
=338  \\$aonline resource$bcr$2rdacarrier
=490  1\$aNBS report ;$v7831
=500  \\$a1963.
=500  \\$aContributed record: Metadata reviewed, not verified. Some fields updated by batch processes.
=500  \\$aTitle from PDF title page.
=504  \\$aIncludes bibliographical references.
=650  \0$aRoofing$xDeterioration$xTesting.
=700  1\$aCullen, William C.
=710  1\$aUnited States.$bNational Bureau of Standards.
=830  \0$aNBS report ;$v7831.
=856  4\$uhttps://dx.doi.org/10.6028/NBS.RPT.7831
=856  4\$zAddress at time of PURL creation$uhttps://www.govinfo.gov/content/pkg/GOVPUB-C13-b608a63aa5e138604955552d2dbba14a/pdf/GOVPUB-C13-b608a63aa5e138604955552d2dbba14a.pdf
=856  40$uhttps://purl.fdlp.gov/GPO/gpo102124
=049  \\$aGPOO
=922  \\$aBatch-processed
=922  \\$aNIST-1$b20180815

