=LDR  01670nam  2200397Ia 45e0
=001  001076347
=003  OCoLC
=005  20180711120954.0
=008  161006s1963\\\\mdu\\\\\ob\\\f000\0\eng\d
=024  8\$aGOVPUB-C13-04d82758d480c1a96822a530b4b9e4c5
=035  \\$a(OCoLC)959982426
=040  \\$aNBS$beng$erda$cNBS$dOCLCO$dOCLCQ
=086  0\$aC 13.38:7800
=100  1\$aDavis, Joseph C.
=245  10$aAir delivery performance of a Rittling unit ventilator under isothermal conditions :$bmanufactured by the Rittling Corporation Hamburg, New York /$cJoseph C. Davis.
=264  \1$aGaithersburg, MD :$bU.S. Dept. of Commerce, National Institute of Standards and Technology,$c1963.
=300  \\$a1 online resource.
=336  \\$atext$btxt$2rdacontent
=337  \\$acomputer$bc$2rdamedia
=338  \\$aonline resource$bcr$2rdacarrier
=490  1\$aNBS report ;$v7800
=500  \\$a1963.
=500  \\$aContributed record: Metadata reviewed, not verified. Some fields updated by batch processes.
=500  \\$aTitle from PDF title page.
=504  \\$aIncludes bibliographical references.
=650  \0$aAir conditioning$xControl$xTesting.
=650  \0$aHeating$xControl$xTesting.
=700  1\$aDavis, Joseph C.
=710  1\$aUnited States.$bNational Bureau of Standards.
=830  \0$aNBS report ;$v7800.
=856  4\$uhttps://dx.doi.org/10.6028/NBS.RPT.7800
=856  4\$zAddress at time of PURL creation$uhttps://www.govinfo.gov/content/pkg/GOVPUB-C13-04d82758d480c1a96822a530b4b9e4c5/pdf/GOVPUB-C13-04d82758d480c1a96822a530b4b9e4c5.pdf
=856  40$uhttps://purl.fdlp.gov/GPO/gpo94587
=049  \\$aGPOO
=922  \\$aBatch-processed
=922  \\$aNIST-1$b20180815

