=LDR  01560nam  2200385Ia 45e0
=001  001076889
=003  OCoLC
=005  20180711120952.0
=008  161006s1963\\\\mdu\\\\\ob\\\f000\0\eng\d
=024  8\$aGOVPUB-C13-92b03d4be6dd6ea5402419382aa1114a
=035  \\$a(OCoLC)959981815
=040  \\$aNBS$beng$erda$cNBS$dOCLCO$dOCLCQ
=086  0\$aC 13.38:7836
=100  1\$aFlynn, Daniel R.
=245  10$aCurrent NBS efforts toward development of thermal conductivity reference standards /$cD.R. Flynn.
=264  \1$aGaithersburg, MD :$bU.S. Dept. of Commerce, National Institute of Standards and Technology,$c1963.
=300  \\$a1 online resource.
=336  \\$atext$btxt$2rdacontent
=337  \\$acomputer$bc$2rdamedia
=338  \\$aonline resource$bcr$2rdacarrier
=490  1\$aNBS report ;$v7836
=500  \\$a1963.
=500  \\$aContributed record: Metadata reviewed, not verified. Some fields updated by batch processes.
=500  \\$aTitle from PDF title page.
=504  \\$aIncludes bibliographical references.
=650  \0$aThermal conductivity$xMeasurement.
=700  1\$aFlynn, Daniel R.
=710  1\$aUnited States.$bNational Bureau of Standards.
=830  \0$aNBS report ;$v7836.
=856  4\$uhttps://dx.doi.org/10.6028/NBS.RPT.7836
=856  4\$zAddress at time of PURL creation$uhttps://www.govinfo.gov/content/pkg/GOVPUB-C13-92b03d4be6dd6ea5402419382aa1114a/pdf/GOVPUB-C13-92b03d4be6dd6ea5402419382aa1114a.pdf
=856  40$uhttps://purl.fdlp.gov/GPO/gpo100724
=049  \\$aGPOO
=922  \\$aBatch-processed
=922  \\$aNIST-1$b20180815

