=LDR  01585nam  2200397Ia 45e0
=001  001077300
=003  OCoLC
=005  20180711120953.0
=008  161006s1963\\\\mdu\\\\\ob\\\f000\0\eng\d
=024  8\$aGOVPUB-C13-fe63c568c0ae4eb98b51942c42c64281
=035  \\$a(OCoLC)959982232
=040  \\$aNBS$beng$erda$cNBS$dOCLCO$dOCLCQ
=086  0\$aC 13.38:8110
=100  1\$aGreenfeld, S. H.
=245  12$aA comparison of thin-film oxidation with conventional weatherometer exposures /$cS.H. Greenfeld, J.C. Weeks.
=264  \1$aGaithersburg, MD :$bU.S. Dept. of Commerce, National Institute of Standards and Technology,$c1963.
=300  \\$a1 online resource.
=336  \\$atext$btxt$2rdacontent
=337  \\$acomputer$bc$2rdamedia
=338  \\$aonline resource$bcr$2rdacarrier
=490  1\$aNBS report ;$v8110
=500  \\$a1963.
=500  \\$aContributed record: Metadata reviewed, not verified. Some fields updated by batch processes.
=500  \\$aTitle from PDF title page.
=504  \\$aIncludes bibliographical references.
=650  \0$aAsphalt$xOxidation.
=700  1\$aGreenfeld, S. H.
=700  1\$aWeeks, J. C.
=710  1\$aUnited States.$bNational Bureau of Standards.
=830  \0$aNBS report ;$v8110.
=856  4\$uhttps://dx.doi.org/10.6028/NBS.RPT.8110
=856  4\$zAddress at time of PURL creation$uhttps://www.govinfo.gov/content/pkg/GOVPUB-C13-fe63c568c0ae4eb98b51942c42c64281/pdf/GOVPUB-C13-fe63c568c0ae4eb98b51942c42c64281.pdf
=856  40$uhttps://purl.fdlp.gov/GPO/gpo105367
=049  \\$aGPOO
=922  \\$aBatch-processed
=922  \\$aNIST-1$b20180815

