=LDR  01599nam  2200409Ia 45e0
=001  001076974
=003  OCoLC
=005  20180711120953.0
=008  161006s1963\\\\mdu\\\\\ob\\\f000\0\eng\d
=024  8\$aGOVPUB-C13-acc63eb29e3365eb72a4cc25f1da29aa
=035  \\$a(OCoLC)959982269
=040  \\$aNBS$beng$erda$cNBS$dOCLCO$dOCLCF$dOCLCQ
=086  0\$aC 13.38:8147
=100  1\$aGross, Daniel.
=245  10$aExperimental fires in enclosures /$cDaniel Gross, A.F. Robertson.
=264  \1$aGaithersburg, MD :$bU.S. Dept. of Commerce, National Institute of Standards and Technology,$c1963.
=300  \\$a1 online resource.
=336  \\$atext$btxt$2rdacontent
=337  \\$acomputer$bc$2rdamedia
=338  \\$aonline resource$bcr$2rdacarrier
=490  1\$aNBS report ;$v8147
=500  \\$a1963.
=500  \\$aContributed record: Metadata reviewed, not verified. Some fields updated by batch processes.
=500  \\$aTitle from PDF title page.
=504  \\$aIncludes bibliographical references.
=650  \0$aFire testing.
=650  \7$aFire testing.$2fast$0(OCoLC)fst00925555
=700  1\$aGross, Daniel.
=700  1\$aRobertson, A. F.
=710  1\$aUnited States.$bNational Bureau of Standards.
=830  \0$aNBS report ;$v8147.
=856  4\$uhttps://dx.doi.org/10.6028/NBS.RPT.8147
=856  4\$zAddress at time of PURL creation$uhttps://www.govinfo.gov/content/pkg/GOVPUB-C13-acc63eb29e3365eb72a4cc25f1da29aa/pdf/GOVPUB-C13-acc63eb29e3365eb72a4cc25f1da29aa.pdf
=856  40$uhttps://purl.fdlp.gov/GPO/gpo101750
=049  \\$aGPOO
=922  \\$aBatch-processed
=922  \\$aNIST-1$b20180815

