=LDR  01676nam  2200397Ia 45e0
=001  001077230
=003  OCoLC
=005  20180711120954.0
=008  161006s1963\\\\mdu\\\\\ob\\\f000\0\eng\d
=024  8\$aGOVPUB-C13-e795d337dce5270aa759a19c400238f8
=035  \\$a(OCoLC)959982433
=040  \\$aNBS$beng$erda$cNBS$dOCLCO$dOCLCF$dOCLCQ
=086  0\$aC 13.38:7834
=100  1\$aJoseph, Horace M.
=245  10$aStandardization of thermal emittance measurements :$bprogress report no. 17, October 1 - December 31, 1962 /$cHorace M. Joseph.
=264  \1$aGaithersburg, MD :$bU.S. Dept. of Commerce, National Institute of Standards and Technology,$c1963.
=300  \\$a1 online resource.
=336  \\$atext$btxt$2rdacontent
=337  \\$acomputer$bc$2rdamedia
=338  \\$aonline resource$bcr$2rdacarrier
=490  1\$aNBS report ;$v7834
=500  \\$a1963.
=500  \\$aContributed record: Metadata reviewed, not verified. Some fields updated by batch processes.
=500  \\$aTitle from PDF title page.
=504  \\$aIncludes bibliographical references.
=650  \0$aSpectral reflectance$xMeasurement.
=650  \7$aSpectral reflectance$xMeasurement.$2fast$0(OCoLC)fst01129066
=700  1\$aJoseph, Horace M.
=710  1\$aUnited States.$bNational Bureau of Standards.
=830  \0$aNBS report ;$v7834.
=856  4\$uhttps://dx.doi.org/10.6028/NBS.RPT.7834
=856  4\$zAddress at time of PURL creation$uhttps://www.govinfo.gov/content/pkg/GOVPUB-C13-e795d337dce5270aa759a19c400238f8/pdf/GOVPUB-C13-e795d337dce5270aa759a19c400238f8.pdf
=856  40$uhttps://purl.fdlp.gov/GPO/gpo104455
=049  \\$aGPOO
=922  \\$aBatch-processed
=922  \\$aNIST-1$b20180815

