=LDR  01645nam  2200409Ia 45e0
=001  001077214
=003  OCoLC
=005  20180711120955.0
=008  161006s1963\\\\mdu\\\\\ob\\\f000\0\eng\d
=024  8\$aGOVPUB-C13-e2862322951f35f956e6232f50a71bff
=035  \\$a(OCoLC)959982455
=040  \\$aNBS$beng$erda$cNBS$dOCLCO$dOCLCQ
=086  0\$aC 13.38:8056
=100  1\$aLoftus, J. J.
=245  10$aPreparation, sampling and analysis of combustion products of aircraft finish materials /$cJ.J. Loftus, E.E. Hughes, Daniel Gross, A.F. Robertson.
=264  \1$aGaithersburg, MD :$bU.S. Dept. of Commerce, National Institute of Standards and Technology,$c1963.
=300  \\$a1 online resource.
=336  \\$atext$btxt$2rdacontent
=337  \\$acomputer$bc$2rdamedia
=338  \\$aonline resource$bcr$2rdacarrier
=490  1\$aNBS report ;$v8056
=500  \\$a1963.
=500  \\$aContributed record: Metadata reviewed, not verified. Some fields updated by batch processes.
=500  \\$aTitle from PDF title page.
=504  \\$aIncludes bibliographical references.
=700  1\$aGross, Daniel.
=700  1\$aHughes, E. E.
=700  1\$aLoftus, J. J.
=700  1\$aRobertson, A. F.
=710  1\$aUnited States.$bNational Bureau of Standards.
=830  \0$aNBS report ;$v8056.
=856  4\$uhttps://dx.doi.org/10.6028/NBS.RPT.8056
=856  4\$zAddress at time of PURL creation$uhttps://www.govinfo.gov/content/pkg/GOVPUB-C13-e2862322951f35f956e6232f50a71bff/pdf/GOVPUB-C13-e2862322951f35f956e6232f50a71bff.pdf
=856  40$uhttps://purl.fdlp.gov/GPO/gpo104225
=049  \\$aGPOO
=922  \\$aBatch-processed
=922  \\$aNIST-1$b20180815

