=LDR  01605nam  2200397Ia 45e0
=001  001077187
=003  OCoLC
=005  20180711120955.0
=008  161006s1963\\\\mdu\\\\\ob\\\f000\0\eng\d
=024  8\$aGOVPUB-C13-de0406af49a7a9ca0a52b02b1f60492d
=035  \\$a(OCoLC)959982456
=040  \\$aNBS$beng$erda$cNBS$dOCLCO$dOCLCF$dOCLCQ
=086  0\$aC 13.38:8064
=100  1\$aMills, R. M.
=245  12$aA velocity modulated time-of-flight mass spectrometer /$cR.M. Mills.
=264  \1$aGaithersburg, MD :$bU.S. Dept. of Commerce, National Institute of Standards and Technology,$c1963.
=300  \\$a1 online resource.
=336  \\$atext$btxt$2rdacontent
=337  \\$acomputer$bc$2rdamedia
=338  \\$aonline resource$bcr$2rdacarrier
=490  1\$aNBS report ;$v8064
=500  \\$a1963.
=500  \\$aContributed record: Metadata reviewed, not verified. Some fields updated by batch processes.
=500  \\$aTitle from PDF title page.
=504  \\$aIncludes bibliographical references.
=650  \0$aTime-of-flight mass spectrometry.
=650  \7$aTime-of-flight mass spectrometry.$2fast$0(OCoLC)fst01151187
=700  1\$aMills, R. M.
=710  1\$aUnited States.$bNational Bureau of Standards.
=830  \0$aNBS report ;$v8064.
=856  4\$uhttps://dx.doi.org/10.6028/NBS.RPT.8064
=856  4\$zAddress at time of PURL creation$uhttps://www.govinfo.gov/content/pkg/GOVPUB-C13-de0406af49a7a9ca0a52b02b1f60492d/pdf/GOVPUB-C13-de0406af49a7a9ca0a52b02b1f60492d.pdf
=856  40$uhttps://purl.fdlp.gov/GPO/gpo104024
=049  \\$aGPOO
=922  \\$aBatch-processed
=922  \\$aNIST-1$b20180815

