=LDR  01658nam  2200397Ia 45e0
=001  001076473
=003  OCoLC
=005  20180711120953.0
=008  161006s1963\\\\mdu\\\\\ob\\\f000\0\eng\d
=024  8\$aGOVPUB-C13-2754f9ba896802d8910cc6ee586761a3
=035  \\$a(OCoLC)959982343
=040  \\$aNBS$beng$erda$cNBS$dOCLCO$dOCLCF$dOCLCQ
=086  0\$aC 13.38:7857
=100  1\$aMoore, D. G.
=245  10$aEquipment for thermal emittance measurements above 1,400 degrees K :$bannual summary report January, 1963 /$cD.G. Moore.
=264  \1$aGaithersburg, MD :$bU.S. Dept. of Commerce, National Institute of Standards and Technology,$c1963.
=300  \\$a1 online resource.
=336  \\$atext$btxt$2rdacontent
=337  \\$acomputer$bc$2rdamedia
=338  \\$aonline resource$bcr$2rdacarrier
=490  1\$aNBS report ;$v7857
=500  \\$a1963.
=500  \\$aContributed record: Metadata reviewed, not verified. Some fields updated by batch processes.
=500  \\$aTitle from PDF title page.
=504  \\$aIncludes bibliographical references.
=650  \0$aSpectral reflectance$xMeasurement.
=650  \7$aSpectral reflectance$xMeasurement.$2fast$0(OCoLC)fst01129066
=700  1\$aMoore, D. G.
=710  1\$aUnited States.$bNational Bureau of Standards.
=830  \0$aNBS report ;$v7857.
=856  4\$uhttps://dx.doi.org/10.6028/NBS.RPT.7857
=856  4\$zAddress at time of PURL creation$uhttps://www.govinfo.gov/content/pkg/GOVPUB-C13-2754f9ba896802d8910cc6ee586761a3/pdf/GOVPUB-C13-2754f9ba896802d8910cc6ee586761a3.pdf
=856  40$uhttps://purl.fdlp.gov/GPO/gpo95922
=049  \\$aGPOO
=922  \\$aBatch-processed
=922  \\$aNIST-1$b20180815

