=LDR  01578nam  2200397Ia 45e0
=001  001076336
=003  OCoLC
=005  20180711120953.0
=008  161006s1963\\\\mdu\\\\\ob\\\f000\0\eng\d
=024  8\$aGOVPUB-C13-038576dc9c5fb95937d1cba1a0fdc0ab
=035  \\$a(OCoLC)959982270
=040  \\$aNBS$beng$erda$cNBS$dOCLCO$dOCLCQ
=086  0\$aC 13.38:8152
=100  1\$aNekrasov, K. D.
=245  10$aDetermination of moisture in refractory concretes /$cK.D. Nekrasov, A.E. Fedorov, V.I. Yastrubinskiy.
=264  \1$aGaithersburg, MD :$bU.S. Dept. of Commerce, National Institute of Standards and Technology,$c1963.
=300  \\$a1 online resource.
=336  \\$atext$btxt$2rdacontent
=337  \\$acomputer$bc$2rdamedia
=338  \\$aonline resource$bcr$2rdacarrier
=490  1\$aNBS report ;$v8152
=500  \\$a1963.
=500  \\$aContributed record: Metadata reviewed, not verified. Some fields updated by batch processes.
=500  \\$aTitle from PDF title page.
=504  \\$aIncludes bibliographical references.
=700  1\$aFedorov, A. E.
=700  1\$aNekrasov, K. D.
=700  1\$aYastrubinskiy, V. I.
=710  1\$aUnited States.$bNational Bureau of Standards.
=830  \0$aNBS report ;$v8152.
=856  4\$uhttps://dx.doi.org/10.6028/NBS.RPT.8152
=856  4\$zAddress at time of PURL creation$uhttps://www.govinfo.gov/content/pkg/GOVPUB-C13-038576dc9c5fb95937d1cba1a0fdc0ab/pdf/GOVPUB-C13-038576dc9c5fb95937d1cba1a0fdc0ab.pdf
=856  40$uhttps://purl.fdlp.gov/GPO/gpo94402
=049  \\$aGPOO
=922  \\$aBatch-processed
=922  \\$aNIST-1$b20180815

