=LDR  01740nam  2200421Ia 45e0
=001  001076451
=003  OCoLC
=005  20180711120954.0
=008  161006s1963\\\\mdu\\\\\ob\\\f000\0\eng\d
=024  8\$aGOVPUB-C13-21c8aeb26a998fa8270fd7652c3d06e1
=035  \\$a(OCoLC)959982430
=040  \\$aNBS$beng$erda$cNBS$dOCLCO$dOCLCQ$dOCLCF
=086  0\$aC 13.38:7817
=100  1\$aPowell, F. J.
=245  10$aHeat transfer and self-drying characteristics of formboard-type insulated flat-roof constructions /$cF.J. Powell, Henry E. Robinson.
=264  \1$aGaithersburg, MD :$bU.S. Dept. of Commerce, National Institute of Standards and Technology,$c1963.
=300  \\$a1 online resource.
=336  \\$atext$btxt$2rdacontent
=337  \\$acomputer$bc$2rdamedia
=338  \\$aonline resource$bcr$2rdacarrier
=490  1\$aNBS report ;$v7817
=500  \\$a1963.
=500  \\$aContributed record: Metadata reviewed, not verified. Some fields updated by batch processes.
=500  \\$aTitle from PDF title page.
=504  \\$aIncludes bibliographical references.
=650  \0$aFlat roofs$xThermal properties.
=650  \0$aRoofing$xFire testing.
=650  \7$aFlat roofs$xThermal properties.$2fast$0(OCoLC)fst00927063
=700  1\$aPowell, F. J.
=700  1\$aRobinson, Henry E.
=710  1\$aUnited States.$bNational Bureau of Standards.
=830  \0$aNBS report ;$v7817.
=856  4\$uhttps://dx.doi.org/10.6028/NBS.RPT.7817
=856  4\$zAddress at time of PURL creation$uhttps://www.govinfo.gov/content/pkg/GOVPUB-C13-21c8aeb26a998fa8270fd7652c3d06e1/pdf/GOVPUB-C13-21c8aeb26a998fa8270fd7652c3d06e1.pdf
=856  40$uhttps://purl.fdlp.gov/GPO/gpo95801
=049  \\$aGPOO
=922  \\$aBatch-processed
=922  \\$aNIST-1$b20180815

