=LDR  01616nam  2200397Ia 45e0
=001  001076584
=003  OCoLC
=005  20180711120953.0
=008  161006s1963\\\\mdu\\\\\ob\\\f000\0\eng\d
=024  8\$aGOVPUB-C13-428f32c6fe8b7fb18a0f49b8048c878f
=035  \\$a(OCoLC)959982344
=040  \\$aNBS$beng$erda$cNBS$dOCLCO$dOCLCQ
=086  0\$aC 13.38:7865
=100  1\$aRobinson, Henry E.
=245  10$aThermal conductivity of two fiberglass-reinforced plastic-impregnated specimen panels /$cHenry E. Robinson, T.W. Watson.
=264  \1$aGaithersburg, MD :$bU.S. Dept. of Commerce, National Institute of Standards and Technology,$c1963.
=300  \\$a1 online resource.
=336  \\$atext$btxt$2rdacontent
=337  \\$acomputer$bc$2rdamedia
=338  \\$aonline resource$bcr$2rdacarrier
=490  1\$aNBS report ;$v7865
=500  \\$a1963.
=500  \\$aContributed record: Metadata reviewed, not verified. Some fields updated by batch processes.
=500  \\$aTitle from PDF title page.
=504  \\$aIncludes bibliographical references.
=650  \0$aThermal conductivity$xMeasurement.
=700  1\$aRobinson, Henry E.
=700  1\$aWatson, T. W.
=710  1\$aUnited States.$bNational Bureau of Standards.
=830  \0$aNBS report ;$v7865.
=856  4\$uhttps://dx.doi.org/10.6028/NBS.RPT.7865
=856  4\$zAddress at time of PURL creation$uhttps://www.govinfo.gov/content/pkg/GOVPUB-C13-428f32c6fe8b7fb18a0f49b8048c878f/pdf/GOVPUB-C13-428f32c6fe8b7fb18a0f49b8048c878f.pdf
=856  40$uhttps://purl.fdlp.gov/GPO/gpo97153
=049  \\$aGPOO
=922  \\$aBatch-processed
=922  \\$aNIST-1$b20180815

