=LDR  01659nam  2200397Ia 45e0
=001  001077080
=003  OCoLC
=005  20180711120954.0
=008  161006s1963\\\\mdu\\\\\ob\\\f000\0\eng\d
=024  8\$aGOVPUB-C13-c5aa2d89234cd6e0c7decdd8b395ccea
=035  \\$a(OCoLC)959982424
=040  \\$aNBS$beng$erda$cNBS$dOCLCO$dOCLCQ
=086  0\$aC 13.38:7780
=100  1\$aRyan, J. V.$q(James V.)
=245  10$aEvaluation of refractory qualities of concretes for jet aircraft warm-up, power check maintenance aprons, and runways :$bquarterly report /$cJames V. Ryan, E.C. Tuma, D.K. Ward.
=264  \1$aGaithersburg, MD :$bU.S. Dept. of Commerce, National Institute of Standards and Technology,$c1963.
=300  \\$a1 online resource.
=336  \\$atext$btxt$2rdacontent
=337  \\$acomputer$bc$2rdamedia
=338  \\$aonline resource$bcr$2rdacarrier
=490  1\$aNBS report ;$v7780
=500  \\$a1963.
=500  \\$aContributed record: Metadata reviewed, not verified. Some fields updated by batch processes.
=500  \\$aTitle from PDF title page.
=504  \\$aIncludes bibliographical references.
=700  1\$aRyan, J. V.$q(James V.)
=700  1\$aTuma, E. C.
=700  1\$aWard, D. K.
=710  1\$aUnited States.$bNational Bureau of Standards.
=830  \0$aNBS report ;$v7780.
=856  4\$uhttps://dx.doi.org/10.6028/NBS.RPT.7780
=856  4\$zAddress at time of PURL creation$uhttps://www.govinfo.gov/content/pkg/GOVPUB-C13-c5aa2d89234cd6e0c7decdd8b395ccea/pdf/GOVPUB-C13-c5aa2d89234cd6e0c7decdd8b395ccea.pdf
=856  40$uhttps://purl.fdlp.gov/GPO/gpo102784
=049  \\$aGPOO
=922  \\$aBatch-processed
=922  \\$aNIST-1$b20180815

