=LDR  01649nam  2200409Ia 45e0
=001  001076778
=003  OCoLC
=005  20180711120954.0
=008  161006s1963\\\\mdu\\\\\ob\\\f000\0\eng\d
=024  8\$aGOVPUB-C13-72360c8117bf0b1270ef95ce41113b4d
=035  \\$a(OCoLC)959982425
=040  \\$aNBS$beng$erda$cNBS$dOCLCO$dOCLCQ$dOCLCF
=086  0\$aC 13.38:7794
=100  1\$aSandholzer, Marjorie W.
=245  13$aAn oven test for self-heating tendency of materials /$cMarjorie W. Sandholzer.
=264  \1$aGaithersburg, MD :$bU.S. Dept. of Commerce, National Institute of Standards and Technology,$c1963.
=300  \\$a1 online resource.
=336  \\$atext$btxt$2rdacontent
=337  \\$acomputer$bc$2rdamedia
=338  \\$aonline resource$bcr$2rdacarrier
=490  1\$aNBS report ;$v7794
=500  \\$a1963.
=500  \\$aContributed record: Metadata reviewed, not verified. Some fields updated by batch processes.
=500  \\$aTitle from PDF title page.
=504  \\$aIncludes bibliographical references.
=650  \0$aMaterials$xCombustion$xTesting.
=650  \0$aStoves$xTesting.
=650  \7$aStoves$xTesting$2fast$0(OCoLC)fst01134219
=700  1\$aSandholzer, Marjorie W.
=710  1\$aUnited States.$bNational Bureau of Standards.
=830  \0$aNBS report ;$v7794.
=856  4\$uhttps://dx.doi.org/10.6028/NBS.RPT.7794
=856  4\$zAddress at time of PURL creation$uhttps://www.govinfo.gov/content/pkg/GOVPUB-C13-72360c8117bf0b1270ef95ce41113b4d/pdf/GOVPUB-C13-72360c8117bf0b1270ef95ce41113b4d.pdf
=856  40$uhttps://purl.fdlp.gov/GPO/gpo99271
=049  \\$aGPOO
=922  \\$aBatch-processed
=922  \\$aNIST-1$b20180815

