=LDR  01704nam  2200421Ia 45e0
=001  001076411
=003  OCoLC
=005  20180711120953.0
=008  161006s1963\\\\mdu\\\\\ob\\\f000\0\eng\d
=024  8\$aGOVPUB-C13-18c1be37953cd03f2aa51766cba20303
=035  \\$a(OCoLC)959982268
=040  \\$aNBS$beng$erda$cNBS$dOCLCO$dOCLCF$dOCLCQ
=086  0\$aC 13.38:8039
=100  1\$aSkoda, L. F.
=245  10$aStrength of concrete collars cast around existing columns /$cL.F. Skoda.
=264  \1$aGaithersburg, MD :$bU.S. Dept. of Commerce, National Institute of Standards and Technology,$c1963.
=300  \\$a1 online resource.
=336  \\$atext$btxt$2rdacontent
=337  \\$acomputer$bc$2rdamedia
=338  \\$aonline resource$bcr$2rdacarrier
=490  1\$aNBS report ;$v8039
=500  \\$a1963.
=500  \\$aContributed record: Metadata reviewed, not verified. Some fields updated by batch processes.
=500  \\$aTitle from PDF title page.
=504  \\$aIncludes bibliographical references.
=650  \0$aColumns, Concrete$xFatigue.
=650  \0$aConcrete slabs$xTesting.
=650  \7$aColumns, Concrete$xFatigue.$2fast$0(OCoLC)fst00868855
=650  \7$aConcrete slabs$xTesting.$2fast$0(OCoLC)fst00874402
=700  1\$aSkoda, L. F.
=710  1\$aUnited States.$bNational Bureau of Standards.
=830  \0$aNBS report ;$v8039.
=856  4\$uhttps://dx.doi.org/10.6028/NBS.RPT.8039
=856  4\$zAddress at time of PURL creation$uhttps://www.govinfo.gov/content/pkg/GOVPUB-C13-18c1be37953cd03f2aa51766cba20303/pdf/GOVPUB-C13-18c1be37953cd03f2aa51766cba20303.pdf
=856  40$uhttps://purl.fdlp.gov/GPO/gpo95334
=049  \\$aGPOO
=922  \\$aBatch-processed
=922  \\$aNIST-1$b20180815

