=LDR  01613nam  2200397Ia 45e0
=001  001077034
=003  OCoLC
=005  20180711120954.0
=008  161006s1963\\\\mdu\\\\\ob\\\f000\0\eng\d
=024  8\$aGOVPUB-C13-bb31c3f26e1bbf969c51d7614aeba8d1
=035  \\$a(OCoLC)959982431
=040  \\$aNBS$beng$erda$cNBS$dOCLCO$dOCLCQ
=086  0\$aC 13.38:7818
=100  1\$aWatson, Thomas W.
=245  10$aThermal conductivity of a sample of type 316 stainless steel /$cThomas W. Watson, Henry E. Robinson.
=264  \1$aGaithersburg, MD :$bU.S. Dept. of Commerce, National Institute of Standards and Technology,$c1963.
=300  \\$a1 online resource.
=336  \\$atext$btxt$2rdacontent
=337  \\$acomputer$bc$2rdamedia
=338  \\$aonline resource$bcr$2rdacarrier
=490  1\$aNBS report ;$v7818
=500  \\$a1963.
=500  \\$aContributed record: Metadata reviewed, not verified. Some fields updated by batch processes.
=500  \\$aTitle from PDF title page.
=504  \\$aIncludes bibliographical references.
=650  \0$aStainless steel$xThermal conductivity$xTesting.
=700  1\$aRobinson, Henry E.
=700  1\$aWatson, Thomas W.
=710  1\$aUnited States.$bNational Bureau of Standards.
=830  \0$aNBS report ;$v7818.
=856  4\$uhttps://dx.doi.org/10.6028/NBS.RPT.7818
=856  4\$zAddress at time of PURL creation$uhttps://www.govinfo.gov/content/pkg/GOVPUB-C13-bb31c3f26e1bbf969c51d7614aeba8d1/pdf/GOVPUB-C13-bb31c3f26e1bbf969c51d7614aeba8d1.pdf
=856  40$uhttps://purl.fdlp.gov/GPO/gpo102329
=049  \\$aGPOO
=922  \\$aBatch-processed
=922  \\$aNIST-1$b20180815

