=LDR  01610nam  2200397Ia 45e0
=001  001077037
=003  OCoLC
=005  20180711120954.0
=008  161006s1963\\\\mdu\\\\\ob\\\f000\0\eng\d
=024  8\$aGOVPUB-C13-bcb6a971dc32a3d21f866664ca33bf25
=035  \\$a(OCoLC)959982423
=040  \\$aNBS$beng$erda$cNBS$dOCLCO$dOCLCQ
=086  0\$aC 13.38:7775
=100  1\$aWatson, Thomas W.
=245  10$aThermal conductivity of a specimen of chromium-copper alloy /$cThomas W. Watson, Henry E. Robinson.
=264  \1$aGaithersburg, MD :$bU.S. Dept. of Commerce, National Institute of Standards and Technology,$c1963.
=300  \\$a1 online resource.
=336  \\$atext$btxt$2rdacontent
=337  \\$acomputer$bc$2rdamedia
=338  \\$aonline resource$bcr$2rdacarrier
=490  1\$aNBS report ;$v7775
=500  \\$a1963.
=500  \\$aContributed record: Metadata reviewed, not verified. Some fields updated by batch processes.
=500  \\$aTitle from PDF title page.
=504  \\$aIncludes bibliographical references.
=650  \0$aChromium-copper alloys$xThermal conductivity.
=700  1\$aRobinson, Henry E.
=700  1\$aWatson, Thomas W.
=710  1\$aUnited States.$bNational Bureau of Standards.
=830  \0$aNBS report ;$v7775.
=856  4\$uhttps://dx.doi.org/10.6028/NBS.RPT.7775
=856  4\$zAddress at time of PURL creation$uhttps://www.govinfo.gov/content/pkg/GOVPUB-C13-bcb6a971dc32a3d21f866664ca33bf25/pdf/GOVPUB-C13-bcb6a971dc32a3d21f866664ca33bf25.pdf
=856  40$uhttps://purl.fdlp.gov/GPO/gpo102383
=049  \\$aGPOO
=922  \\$aBatch-processed
=922  \\$aNIST-1$b20180815

