=LDR  01683nam  2200421Ia 45e0
=001  001077005
=003  OCoLC
=005  20180711120957.0
=008  161006s1964\\\\mdu\\\\\ob\\\f000\0\eng\d
=024  8\$aGOVPUB-C13-b3f3a471b3aa061bcae12ae907ee7398
=035  \\$a(OCoLC)959982597
=040  \\$aNBS$beng$erda$cNBS$dOCLCO$dOCLCQ$dOCLCF
=086  0\$aC 13.38:8339
=100  1\$aBoone, Thomas H.
=245  10$aPerformance of flooring materials in military kitchens /$cThomas H. Boone, William A. Bender.
=264  \1$aGaithersburg, MD :$bU.S. Dept. of Commerce, National Institute of Standards and Technology,$c1964.
=300  \\$a1 online resource.
=336  \\$atext$btxt$2rdacontent
=337  \\$acomputer$bc$2rdamedia
=338  \\$aonline resource$bcr$2rdacarrier
=490  1\$aNBS report ;$v8339
=500  \\$a1964.
=500  \\$aContributed record: Metadata reviewed, not verified. Some fields updated by batch processes.
=500  \\$aTitle from PDF title page.
=504  \\$aIncludes bibliographical references.
=650  \0$aFlooring$xService life.
=650  \0$aFlooring$xTesting.
=650  \7$aFlooring$xTesting.$2fast$0(OCoLC)fst00927622
=700  1\$aBender, William A.
=700  1\$aBoone, Thomas H.
=710  1\$aUnited States.$bNational Bureau of Standards.
=830  \0$aNBS report ;$v8339.
=856  4\$uhttps://dx.doi.org/10.6028/NBS.RPT.8339
=856  4\$zAddress at time of PURL creation$uhttps://www.govinfo.gov/content/pkg/GOVPUB-C13-b3f3a471b3aa061bcae12ae907ee7398/pdf/GOVPUB-C13-b3f3a471b3aa061bcae12ae907ee7398.pdf
=856  40$uhttps://purl.fdlp.gov/GPO/gpo102040
=049  \\$aGPOO
=922  \\$aBatch-processed
=922  \\$aNIST-1$b20180815

