=LDR  01635nam  2200397Ia 45e0
=001  001076368
=003  OCoLC
=005  20180711120957.0
=008  161006s1964\\\\mdu\\\\\ob\\\f000\0\eng\d
=024  8\$aGOVPUB-C13-0a0bd206e4db0f947773e0a52dd44621
=035  \\$a(OCoLC)959982595
=040  \\$aNBS$beng$erda$cNBS$dOCLCO$dOCLCQ
=086  0\$aC 13.38:8331
=100  1\$aCole, S. D.
=245  12$aA study of the characteristics of refrigerant-pressure-actuated water regulating valves for refrigerant condensers /$cS.D. Cole, Carl W. Phillips, Paul R. Achenbach.
=264  \1$aGaithersburg, MD :$bU.S. Dept. of Commerce, National Institute of Standards and Technology,$c1964.
=300  \\$a1 online resource.
=336  \\$atext$btxt$2rdacontent
=337  \\$acomputer$bc$2rdamedia
=338  \\$aonline resource$bcr$2rdacarrier
=490  1\$aNBS report ;$v8331
=500  \\$a1964.
=500  \\$aContributed record: Metadata reviewed, not verified. Some fields updated by batch processes.
=500  \\$aTitle from PDF title page.
=504  \\$aIncludes bibliographical references.
=700  1\$aAchenbach, Paul R.
=700  1\$aCole, S. D.
=700  1\$aPhillips, Carl W.
=710  1\$aUnited States.$bNational Bureau of Standards.
=830  \0$aNBS report ;$v8331.
=856  4\$uhttps://dx.doi.org/10.6028/NBS.RPT.8331
=856  4\$zAddress at time of PURL creation$uhttps://www.govinfo.gov/content/pkg/GOVPUB-C13-0a0bd206e4db0f947773e0a52dd44621/pdf/GOVPUB-C13-0a0bd206e4db0f947773e0a52dd44621.pdf
=856  40$uhttps://purl.fdlp.gov/GPO/gpo94790
=049  \\$aGPOO
=922  \\$aBatch-processed
=922  \\$aNIST-1$b20180815

