=LDR  01848nam  2200433Ia 45e0
=001  001077002
=003  OCoLC
=005  20180711120957.0
=008  161006s1964\\\\mdu\\\\\ob\\\f000\0\eng\d
=024  8\$aGOVPUB-C13-b369b79b6fc3bcf374b7ab50381dcb59
=035  \\$a(OCoLC)959982596
=040  \\$aNBS$beng$erda$cNBS$dOCLCO$dOCLCF$dOCLCQ
=086  0\$aC 13.38:8337
=100  1\$aCole, Selden D.
=245  10$aRecommended specification for test procedures to determine suitability of ducts for use in residential warm air heating and air-conditioning systems /$cSelden D. Cole, Paul R. Achenbach.
=264  \1$aGaithersburg, MD :$bU.S. Dept. of Commerce, National Institute of Standards and Technology,$c1964.
=300  \\$a1 online resource.
=336  \\$atext$btxt$2rdacontent
=337  \\$acomputer$bc$2rdamedia
=338  \\$aonline resource$bcr$2rdacarrier
=490  1\$aNBS report ;$v8337
=500  \\$a1964.
=500  \\$aContributed record: Metadata reviewed, not verified. Some fields updated by batch processes.
=500  \\$aTitle from PDF title page.
=504  \\$aIncludes bibliographical references.
=650  \0$aAir conditioning$xTesting.
=650  \0$aAir ducts$xTesting.
=650  \7$aAir conditioning$xTesting.$2fast$0(OCoLC)fst00802322
=650  \7$aAir ducts$xTesting.$2fast$0(OCoLC)fst00802362
=700  1\$aAchenbach, Paul R.
=700  1\$aCole, Selden D.
=710  1\$aUnited States.$bNational Bureau of Standards.
=830  \0$aNBS report ;$v8337.
=856  4\$uhttps://dx.doi.org/10.6028/NBS.RPT.8337
=856  4\$zAddress at time of PURL creation$uhttps://www.govinfo.gov/content/pkg/GOVPUB-C13-b369b79b6fc3bcf374b7ab50381dcb59/pdf/GOVPUB-C13-b369b79b6fc3bcf374b7ab50381dcb59.pdf
=856  40$uhttps://purl.fdlp.gov/GPO/gpo102015
=049  \\$aGPOO
=922  \\$aBatch-processed
=922  \\$aNIST-1$b20180815

