=LDR  01702nam  2200397Ia 45e0
=001  001076677
=003  OCoLC
=005  20180711120952.0
=008  161006s1964\\\\mdu\\\\\ob\\\f000\0\eng\d
=024  8\$aGOVPUB-C13-56ca4c0c94161739984adee61dc8a90c
=035  \\$a(OCoLC)959981674
=040  \\$aNBS$beng$erda$cNBS$dOCLCO$dOCLCF$dOCLCQ
=086  0\$aC 13.38:8305
=100  1\$aCreitz, E. C.
=245  10$aMechanisms of fire ignition and extinguishment :$beighteenth quarterly progress report covering the period November 1, 1963 to February 29, 1964 /$cE.C. Creitz.
=264  \1$aGaithersburg, MD :$bU.S. Dept. of Commerce, National Institute of Standards and Technology,$c1964.
=300  \\$a1 online resource.
=336  \\$atext$btxt$2rdacontent
=337  \\$acomputer$bc$2rdamedia
=338  \\$aonline resource$bcr$2rdacarrier
=490  1\$aNBS report ;$v8305
=500  \\$a1964.
=500  \\$aContributed record: Metadata reviewed, not verified. Some fields updated by batch processes.
=500  \\$aTitle from PDF title page.
=504  \\$aIncludes bibliographical references.
=650  \0$aFire extinguishing agents$xTesting.
=650  \7$aFire extinguishing agents$xTesting.$2fast$0(OCoLC)fst00925378
=700  1\$aCreitz, E. C.
=710  1\$aUnited States.$bNational Bureau of Standards.
=830  \0$aNBS report ;$v8305.
=856  4\$uhttps://dx.doi.org/10.6028/NBS.RPT.8305
=856  4\$zAddress at time of PURL creation$uhttps://www.govinfo.gov/content/pkg/GOVPUB-C13-56ca4c0c94161739984adee61dc8a90c/pdf/GOVPUB-C13-56ca4c0c94161739984adee61dc8a90c.pdf
=856  40$uhttps://purl.fdlp.gov/GPO/gpo98063
=049  \\$aGPOO
=922  \\$aBatch-processed
=922  \\$aNIST-1$b20180815

