=LDR  01509nam  2200385Ia 45e0
=001  001077038
=003  OCoLC
=005  20180711120957.0
=008  161006s1964\\\\mdu\\\\\ob\\\f000\0\eng\d
=024  8\$aGOVPUB-C13-bd46ef32ae7585cdd75d7d6f2703be18
=035  \\$a(OCoLC)959982578
=040  \\$aNBS$beng$erda$cNBS$dOCLCO$dOCLCQ
=086  0\$aC 13.38:8546
=100  1\$aCreitz, E. C.
=245  10$aEuropean trip August 15 to 29, 1964 /$cE.C. Creitz.
=264  \1$aGaithersburg, MD :$bU.S. Dept. of Commerce, National Institute of Standards and Technology,$c1964.
=300  \\$a1 online resource.
=336  \\$atext$btxt$2rdacontent
=337  \\$acomputer$bc$2rdamedia
=338  \\$aonline resource$bcr$2rdacarrier
=490  1\$aNBS report ;$v8546
=500  \\$a1964.
=500  \\$aContributed record: Metadata reviewed, not verified. Some fields updated by batch processes.
=500  \\$aTitle from PDF title page.
=504  \\$aIncludes bibliographical references.
=650  \0$aCombustion$xConference proceedings.
=700  1\$aCreitz, E. C.
=710  1\$aUnited States.$bNational Bureau of Standards.
=830  \0$aNBS report ;$v8546.
=856  4\$uhttps://dx.doi.org/10.6028/NBS.RPT.8546
=856  4\$zAddress at time of PURL creation$uhttps://www.govinfo.gov/content/pkg/GOVPUB-C13-bd46ef32ae7585cdd75d7d6f2703be18/pdf/GOVPUB-C13-bd46ef32ae7585cdd75d7d6f2703be18.pdf
=856  40$uhttps://purl.fdlp.gov/GPO/gpo102409
=049  \\$aGPOO
=922  \\$aBatch-processed
=922  \\$aNIST-1$b20180815

