=LDR  01540nam  2200385Ia 45e0
=001  001076753
=003  OCoLC
=005  20180711120956.0
=008  161006s1964\\\\mdu\\\\\ob\\\f000\0\eng\d
=024  8\$aGOVPUB-C13-6c4f4fd3fd21997bb4fa154859d2fee9
=035  \\$a(OCoLC)959982534
=040  \\$aNBS$beng$erda$cNBS$dOCLCO$dOCLCQ
=086  0\$aC 13.38:8352
=100  1\$aCullen, William C.
=245  10$aPerformance of roofings on Guam, M.E. and Okinawa, R.I. /$cWilliam C. Cullen.
=264  \1$aGaithersburg, MD :$bU.S. Dept. of Commerce, National Institute of Standards and Technology,$c1964.
=300  \\$a1 online resource.
=336  \\$atext$btxt$2rdacontent
=337  \\$acomputer$bc$2rdamedia
=338  \\$aonline resource$bcr$2rdacarrier
=490  1\$aNBS report ;$v8352
=500  \\$a1964.
=500  \\$aContributed record: Metadata reviewed, not verified. Some fields updated by batch processes.
=500  \\$aTitle from PDF title page.
=504  \\$aIncludes bibliographical references.
=650  \0$aRoofing$xService life$xTesting.
=700  1\$aCullen, William C.
=710  1\$aUnited States.$bNational Bureau of Standards.
=830  \0$aNBS report ;$v8352.
=856  4\$uhttps://dx.doi.org/10.6028/NBS.RPT.8352
=856  4\$zAddress at time of PURL creation$uhttps://www.govinfo.gov/content/pkg/GOVPUB-C13-6c4f4fd3fd21997bb4fa154859d2fee9/pdf/GOVPUB-C13-6c4f4fd3fd21997bb4fa154859d2fee9.pdf
=856  40$uhttps://purl.fdlp.gov/GPO/gpo99035
=049  \\$aGPOO
=922  \\$aBatch-processed
=922  \\$aNIST-1$b20180815

