=LDR  01695nam  2200421Ia 45e0
=001  001077079
=003  OCoLC
=005  20180711120957.0
=008  161006s1964\\\\mdu\\\\\ob\\\f000\0\eng\d
=024  8\$aGOVPUB-C13-c5815f2254e007bb1deda0720d566b69
=035  \\$a(OCoLC)959982601
=040  \\$aNBS$beng$erda$cNBS$dOCLCO$dOCLCQ$dOCLCO$dOCLCF
=086  0\$aC 13.38:8382
=100  1\$aCullen, William C.
=245  10$aEvaluation of new roofing systems on Guam, M.I. /$cWilliam C. Cullen.
=264  \1$aGaithersburg, MD :$bU.S. Dept. of Commerce, National Institute of Standards and Technology,$c1964.
=300  \\$a1 online resource.
=336  \\$atext$btxt$2rdacontent
=337  \\$acomputer$bc$2rdamedia
=338  \\$aonline resource$bcr$2rdacarrier
=490  1\$aNBS report ;$v8382
=500  \\$a1964.
=500  \\$aContributed record: Metadata reviewed, not verified. Some fields updated by batch processes.
=500  \\$aTitle from PDF title page.
=504  \\$aIncludes bibliographical references.
=650  \0$aRoofing$xService life$xTesting.
=650  \7$aRoofing$xTesting.$2fast$0(OCoLC)fst01100284
=651  \0$aGuam$xRoofing$xTesting.
=651  \7$aGuam.$2fast$0(OCoLC)fst01202671
=700  1\$aCullen, William C.
=710  1\$aUnited States.$bNational Bureau of Standards.
=830  \0$aNBS report ;$v8382.
=856  4\$uhttps://dx.doi.org/10.6028/NBS.RPT.8382
=856  4\$zAddress at time of PURL creation$uhttps://www.govinfo.gov/content/pkg/GOVPUB-C13-c5815f2254e007bb1deda0720d566b69/pdf/GOVPUB-C13-c5815f2254e007bb1deda0720d566b69.pdf
=856  40$uhttps://purl.fdlp.gov/GPO/gpo102780
=049  \\$aGPOO
=922  \\$aBatch-processed
=922  \\$aNIST-1$b20180815

