=LDR  01752nam  2200409Ia 45e0
=001  001076470
=003  OCoLC
=005  20180711120958.0
=008  161006s1964\\\\mdu\\\\\ob\\\f000\0\eng\d
=024  8\$aGOVPUB-C13-26bb21e1f581512ba69526b0592c2ec9
=035  \\$a(OCoLC)959982622
=040  \\$aNBS$beng$erda$cNBS$dOCLCO$dOCLCF$dOCLCQ
=086  0\$aC 13.38:8571
=100  1\$aDavis, Joseph C.
=245  10$aPerformance test of the "Kleen-Air" glass fiber automatic renewable filter media :$bmanufactured by the B & M Filter Sales and Service, Inc. of Houston, Texas /$cJoseph C. Davis, Paul R. Achenbach.
=264  \1$aGaithersburg, MD :$bU.S. Dept. of Commerce, National Institute of Standards and Technology,$c1964.
=300  \\$a1 online resource.
=336  \\$atext$btxt$2rdacontent
=337  \\$acomputer$bc$2rdamedia
=338  \\$aonline resource$bcr$2rdacarrier
=490  1\$aNBS report ;$v8571
=500  \\$a1964.
=500  \\$aContributed record: Metadata reviewed, not verified. Some fields updated by batch processes.
=500  \\$aTitle from PDF title page.
=504  \\$aIncludes bibliographical references.
=650  \0$aAir filters$xTesting.
=650  \7$aAir filters$xTesting.$2fast$0(OCoLC)fst00802369
=700  1\$aAchenbach, Paul R.
=700  1\$aDavis, Joseph C.
=710  1\$aUnited States.$bNational Bureau of Standards.
=830  \0$aNBS report ;$v8571.
=856  4\$uhttps://dx.doi.org/10.6028/NBS.RPT.8571
=856  4\$zAddress at time of PURL creation$uhttps://www.govinfo.gov/content/pkg/GOVPUB-C13-26bb21e1f581512ba69526b0592c2ec9/pdf/GOVPUB-C13-26bb21e1f581512ba69526b0592c2ec9.pdf
=856  40$uhttps://purl.fdlp.gov/GPO/gpo95911
=049  \\$aGPOO
=922  \\$aBatch-processed
=922  \\$aNIST-1$b20180815

