=LDR  01683nam  2200409Ia 45e0
=001  001076599
=003  OCoLC
=005  20180711120957.0
=008  161006s1964\\\\mdu\\\\\ob\\\f000\0\eng\d
=024  8\$aGOVPUB-C13-4524316940266500055bdfe665a9f233
=035  \\$a(OCoLC)959982602
=040  \\$aNBS$beng$erda$cNBS$dOCLCO$dOCLCF$dOCLCQ
=086  0\$aC 13.38:8383
=100  1\$aDavis, Joseph C.
=245  10$aPerformance test of the Filtrex glass fiber automatic renewable filter media, type 63 DGC /$cJoseph C. Davis, Paul R. Achenbach.
=264  \1$aGaithersburg, MD :$bU.S. Dept. of Commerce, National Institute of Standards and Technology,$c1964.
=300  \\$a1 online resource.
=336  \\$atext$btxt$2rdacontent
=337  \\$acomputer$bc$2rdamedia
=338  \\$aonline resource$bcr$2rdacarrier
=490  1\$aNBS report ;$v8383
=500  \\$a1964.
=500  \\$aContributed record: Metadata reviewed, not verified. Some fields updated by batch processes.
=500  \\$aTitle from PDF title page.
=504  \\$aIncludes bibliographical references.
=650  \0$aAir filters$xTesting.
=650  \7$aAir filters$xTesting.$2fast$0(OCoLC)fst00802369
=700  1\$aAchenbach, Paul R.
=700  1\$aDavis, Joseph C.
=710  1\$aUnited States.$bNational Bureau of Standards.
=830  \0$aNBS report ;$v8383.
=856  4\$uhttps://dx.doi.org/10.6028/NBS.RPT.8383
=856  4\$zAddress at time of PURL creation$uhttps://www.govinfo.gov/content/pkg/GOVPUB-C13-4524316940266500055bdfe665a9f233/pdf/GOVPUB-C13-4524316940266500055bdfe665a9f233.pdf
=856  40$uhttps://purl.fdlp.gov/GPO/gpo97256
=049  \\$aGPOO
=922  \\$aBatch-processed
=922  \\$aNIST-1$b20180815

