=LDR  01701nam  2200409Ia 45e0
=001  001077102
=003  OCoLC
=005  20180711120934.0
=008  161006s1964\\\\mdu\\\\\ob\\\f000\0\eng\d
=024  8\$aGOVPUB-C13-caecc3866c707dbc8f1fa9ba10a89a52
=035  \\$a(OCoLC)959982536
=040  \\$aNBS$beng$erda$cNBS$dOCLCO$dOCLCF$dOCLCQ
=086  0\$aC 13.38:8367
=100  1\$aDavis, Joseph C.
=245  10$aPerformance test of two "Hi-Flow Aerosolve" extended-area, dry media, air filters models 43P-45 and 43P-95 /$cJoseph C. Davis, Paul R. Achenbach.
=264  \1$aGaithersburg, MD :$bU.S. Dept. of Commerce, National Institute of Standards and Technology,$c1964.
=300  \\$a1 online resource.
=336  \\$atext$btxt$2rdacontent
=337  \\$acomputer$bc$2rdamedia
=338  \\$aonline resource$bcr$2rdacarrier
=490  1\$aNBS report ;$v8367
=500  \\$a1964.
=500  \\$aContributed record: Metadata reviewed, not verified. Some fields updated by batch processes.
=500  \\$aTitle from PDF title page.
=504  \\$aIncludes bibliographical references.
=650  \0$aAir filters$xTesting.
=650  \7$aAir filters$xTesting.$2fast$0(OCoLC)fst00802369
=700  1\$aAchenbach, Paul R.
=700  1\$aDavis, Joseph C.
=710  1\$aUnited States.$bNational Bureau of Standards.
=830  \0$aNBS report ;$v8367.
=856  4\$uhttps://dx.doi.org/10.6028/NBS.RPT.8367
=856  4\$zAddress at time of PURL creation$uhttps://www.govinfo.gov/content/pkg/GOVPUB-C13-caecc3866c707dbc8f1fa9ba10a89a52/pdf/GOVPUB-C13-caecc3866c707dbc8f1fa9ba10a89a52.pdf
=856  40$uhttps://purl.fdlp.gov/GPO/gpo103012
=049  \\$aGPOO
=922  \\$aBatch-processed
=922  \\$aNIST-1$b20180815

