=LDR  01664nam  2200397Ia 45e0
=001  001076765
=003  OCoLC
=005  20180711120957.0
=008  161006s1964\\\\mdu\\\\\ob\\\f000\0\eng\d
=024  8\$aGOVPUB-C13-6fa1c9848a8fb72a2749d646212fed0e
=035  \\$a(OCoLC)959982584
=040  \\$aNBS$beng$erda$cNBS$dOCLCO$dOCLCQ
=086  0\$aC 13.38:8301
=100  1\$aFlynn, Daniel R.
=245  14$aThe National Bureau of Standards high temperature absolute cut-bar apparatus for determination of the thermal conductivity of small solids /$cD.R. Flynn, H.E. Robinson.
=264  \1$aGaithersburg, MD :$bU.S. Dept. of Commerce, National Institute of Standards and Technology,$c1964.
=300  \\$a1 online resource.
=336  \\$atext$btxt$2rdacontent
=337  \\$acomputer$bc$2rdamedia
=338  \\$aonline resource$bcr$2rdacarrier
=490  1\$aNBS report ;$v8301
=500  \\$a1964.
=500  \\$aContributed record: Metadata reviewed, not verified. Some fields updated by batch processes.
=500  \\$aTitle from PDF title page.
=504  \\$aIncludes bibliographical references.
=650  \0$aPlatinum alloys$xThermal properties.
=700  1\$aFlynn, Daniel R.
=700  1\$aRobinson, H. E.
=710  1\$aUnited States.$bNational Bureau of Standards.
=830  \0$aNBS report ;$v8301.
=856  4\$uhttps://dx.doi.org/10.6028/NBS.RPT.8301
=856  4\$zAddress at time of PURL creation$uhttps://www.govinfo.gov/content/pkg/GOVPUB-C13-6fa1c9848a8fb72a2749d646212fed0e/pdf/GOVPUB-C13-6fa1c9848a8fb72a2749d646212fed0e.pdf
=856  40$uhttps://purl.fdlp.gov/GPO/gpo99168
=049  \\$aGPOO
=922  \\$aBatch-processed
=922  \\$aNIST-1$b20180815

