=LDR  01644nam  2200397Ia 45e0
=001  001077307
=003  OCoLC
=005  20180711120958.0
=008  161006s1964\\\\mdu\\\\\ob\\\f000\0\eng\d
=024  8\$aGOVPUB-C13-ff51cd1041234574a969a010801e741c
=035  \\$a(OCoLC)959982637
=040  \\$aNBS$beng$erda$cNBS$dOCLCO$dOCLCF$dOCLCQ
=086  0\$aC 13.38:8607
=100  1\$aGreenfeld, Sidney H.
=245  10$aAir blowing asphalts in the presence of additive oils, catalysts and polymers /$cSidney H. Greenfeld.
=264  \1$aGaithersburg, MD :$bU.S. Dept. of Commerce, National Institute of Standards and Technology,$c1964.
=300  \\$a1 online resource.
=336  \\$atext$btxt$2rdacontent
=337  \\$acomputer$bc$2rdamedia
=338  \\$aonline resource$bcr$2rdacarrier
=490  1\$aNBS report ;$v8607
=500  \\$a1964.
=500  \\$aContributed record: Metadata reviewed, not verified. Some fields updated by batch processes.
=500  \\$aTitle from PDF title page.
=504  \\$aIncludes bibliographical references.
=650  \0$aAsphalt$xAdditives$xTesting.
=650  \7$aAsphalt$xAdditives$xTesting.$2fast$0(OCoLC)fst00818814
=700  1\$aGreenfeld, Sidney H.
=710  1\$aUnited States.$bNational Bureau of Standards.
=830  \0$aNBS report ;$v8607.
=856  4\$uhttps://dx.doi.org/10.6028/NBS.RPT.8607
=856  4\$zAddress at time of PURL creation$uhttps://www.govinfo.gov/content/pkg/GOVPUB-C13-ff51cd1041234574a969a010801e741c/pdf/GOVPUB-C13-ff51cd1041234574a969a010801e741c.pdf
=856  40$uhttps://purl.fdlp.gov/GPO/gpo105407
=049  \\$aGPOO
=922  \\$aBatch-processed
=922  \\$aNIST-1$b20180815

