=LDR  01638nam  2200409Ia 45e0
=001  001076481
=003  OCoLC
=005  20180711120957.0
=008  161006s1964\\\\mdu\\\\\ob\\\f000\0\eng\d
=024  8\$aGOVPUB-C13-28bf1d1ccceaab61dff22460653a2e76
=035  \\$a(OCoLC)959982600
=040  \\$aNBS$beng$erda$cNBS$dOCLCO$dOCLCF$dOCLCQ
=086  0\$aC 13.38:8377
=100  1\$aGross, Daniel.
=245  10$aC.I.B. meeting and European fire research 1964 /$cDaniel Gross, A.F. Robertson.
=264  \1$aGaithersburg, MD :$bU.S. Dept. of Commerce, National Institute of Standards and Technology,$c1964.
=300  \\$a1 online resource.
=336  \\$atext$btxt$2rdacontent
=337  \\$acomputer$bc$2rdamedia
=338  \\$aonline resource$bcr$2rdacarrier
=490  1\$aNBS report ;$v8377
=500  \\$a1964.
=500  \\$aContributed record: Metadata reviewed, not verified. Some fields updated by batch processes.
=500  \\$aTitle from PDF title page.
=504  \\$aIncludes bibliographical references.
=650  \0$aFire prevention$xResearch.
=650  \7$aFire prevention$xResearch.$2fast$0(OCoLC)fst00925487
=700  1\$aGross, Daniel.
=700  1\$aRobertson, A. F.
=710  1\$aUnited States.$bNational Bureau of Standards.
=830  \0$aNBS report ;$v8377.
=856  4\$uhttps://dx.doi.org/10.6028/NBS.RPT.8377
=856  4\$zAddress at time of PURL creation$uhttps://www.govinfo.gov/content/pkg/GOVPUB-C13-28bf1d1ccceaab61dff22460653a2e76/pdf/GOVPUB-C13-28bf1d1ccceaab61dff22460653a2e76.pdf
=856  40$uhttps://purl.fdlp.gov/GPO/gpo96099
=049  \\$aGPOO
=922  \\$aBatch-processed
=922  \\$aNIST-1$b20180815

