=LDR  01616nam  2200397Ia 45e0
=001  001076601
=003  OCoLC
=005  20180711120958.0
=008  161006s1964\\\\mdu\\\\\ob\\\f000\0\eng\d
=024  8\$aGOVPUB-C13-456e482d808f05aac9856d5d9abd1e5d
=035  \\$a(OCoLC)959982604
=040  \\$aNBS$beng$erda$cNBS$dOCLCO$dOCLCQ
=086  0\$aC 13.38:8398
=100  1\$aGross, Daniel.
=245  10$aWall cladding materials :$bsmoke production measurements under simulated fire conditions, first progress report /$cDaniel Gross, J.J. Loftus, R. Harris.
=264  \1$aGaithersburg, MD :$bU.S. Dept. of Commerce, National Institute of Standards and Technology,$c1964.
=300  \\$a1 online resource.
=336  \\$atext$btxt$2rdacontent
=337  \\$acomputer$bc$2rdamedia
=338  \\$aonline resource$bcr$2rdacarrier
=490  1\$aNBS report ;$v8398
=500  \\$a1964.
=500  \\$aContributed record: Metadata reviewed, not verified. Some fields updated by batch processes.
=500  \\$aTitle from PDF title page.
=504  \\$aIncludes bibliographical references.
=700  1\$aGross, Daniel.
=700  1\$aHarris, R.
=700  1\$aLoftus, J. J.
=710  1\$aUnited States.$bNational Bureau of Standards.
=830  \0$aNBS report ;$v8398.
=856  4\$uhttps://dx.doi.org/10.6028/NBS.RPT.8398
=856  4\$zAddress at time of PURL creation$uhttps://www.govinfo.gov/content/pkg/GOVPUB-C13-456e482d808f05aac9856d5d9abd1e5d/pdf/GOVPUB-C13-456e482d808f05aac9856d5d9abd1e5d.pdf
=856  40$uhttps://purl.fdlp.gov/GPO/gpo97265
=049  \\$aGPOO
=922  \\$aBatch-processed
=922  \\$aNIST-1$b20180815

