=LDR  01586nam  2200397Ia 45e0
=001  001076667
=003  OCoLC
=005  20180711120956.0
=008  161006s1964\\\\mdu\\\\\ob\\\f000\0\eng\d
=024  8\$aGOVPUB-C13-54db2aba67c3be614e265e1f96e767c8
=035  \\$a(OCoLC)959982535
=040  \\$aNBS$beng$erda$cNBS$dOCLCO$dOCLCQ
=086  0\$aC 13.38:8365
=100  1\$aLee, T. G.
=245  10$aEffect of moisture on surface flammability of coated and uncoated cellulosic materials /$cT.G. Lee, J.J. Loftus, Daniel Gross.
=264  \1$aGaithersburg, MD :$bU.S. Dept. of Commerce, National Institute of Standards and Technology,$c1964.
=300  \\$a1 online resource.
=336  \\$atext$btxt$2rdacontent
=337  \\$acomputer$bc$2rdamedia
=338  \\$aonline resource$bcr$2rdacarrier
=490  1\$aNBS report ;$v8365
=500  \\$a1964.
=500  \\$aContributed record: Metadata reviewed, not verified. Some fields updated by batch processes.
=500  \\$aTitle from PDF title page.
=504  \\$aIncludes bibliographical references.
=700  1\$aGross, Daniel.
=700  1\$aLee, T. G.
=700  1\$aLoftus, J. J.
=710  1\$aUnited States.$bNational Bureau of Standards.
=830  \0$aNBS report ;$v8365.
=856  4\$uhttps://dx.doi.org/10.6028/NBS.RPT.8365
=856  4\$zAddress at time of PURL creation$uhttps://www.govinfo.gov/content/pkg/GOVPUB-C13-54db2aba67c3be614e265e1f96e767c8/pdf/GOVPUB-C13-54db2aba67c3be614e265e1f96e767c8.pdf
=856  40$uhttps://purl.fdlp.gov/GPO/gpo97994
=049  \\$aGPOO
=922  \\$aBatch-processed
=922  \\$aNIST-1$b20180815

