=LDR  01627nam  2200397Ia 45e0
=001  001076543
=003  OCoLC
=005  20180711120952.0
=008  161006s1964\\\\mdu\\\\\ob\\\f000\0\eng\d
=024  8\$aGOVPUB-C13-379d71c9a5b95947d969fe0833b27f10
=035  \\$a(OCoLC)959982017
=040  \\$aNBS$beng$erda$cNBS$dOCLCO$dOCLCQ
=086  0\$aC 13.38:8511
=100  1\$aMartin, Keith G.
=245  10$aComparison of xenon and carbon arcs as radiation sources for laboratory weathering of asphalts /$cKeith G. Martin, Paul G. Campbell, James R. Wright.
=264  \1$aGaithersburg, MD :$bU.S. Dept. of Commerce, National Institute of Standards and Technology,$c1964.
=300  \\$a1 online resource.
=336  \\$atext$btxt$2rdacontent
=337  \\$acomputer$bc$2rdamedia
=338  \\$aonline resource$bcr$2rdacarrier
=490  1\$aNBS report ;$v8511
=500  \\$a1964.
=500  \\$aContributed record: Metadata reviewed, not verified. Some fields updated by batch processes.
=500  \\$aTitle from PDF title page.
=504  \\$aIncludes bibliographical references.
=700  1\$aCampbell, Paul G.
=700  1\$aMartin, Keith G.
=700  1\$aWright, James R.
=710  1\$aUnited States.$bNational Bureau of Standards.
=830  \0$aNBS report ;$v8511.
=856  4\$uhttps://dx.doi.org/10.6028/NBS.RPT.8511
=856  4\$zAddress at time of PURL creation$uhttps://www.govinfo.gov/content/pkg/GOVPUB-C13-379d71c9a5b95947d969fe0833b27f10/pdf/GOVPUB-C13-379d71c9a5b95947d969fe0833b27f10.pdf
=856  40$uhttps://purl.fdlp.gov/GPO/gpo96675
=049  \\$aGPOO
=922  \\$aBatch-processed
=922  \\$aNIST-1$b20180815

