=LDR  01659nam  2200397Ia 45e0
=001  001077109
=003  OCoLC
=005  20180711120955.0
=008  161006s1964\\\\mdu\\\\\ob\\\f000\0\eng\d
=024  8\$aGOVPUB-C13-cc27984af380b7dded115f3f1ff2e90e
=035  \\$a(OCoLC)959982470
=040  \\$aNBS$beng$erda$cNBS$dOCLCO$dOCLCF$dOCLCQ
=086  0\$aC 13.38:8175
=100  1\$aMoore, D. G.
=245  10$aEquipment for thermal emittance measurements above 1,400 degrees K :$bannual summary report January, 1964 /$cD.G. Moore.
=264  \1$aGaithersburg, MD :$bU.S. Dept. of Commerce, National Institute of Standards and Technology,$c1964.
=300  \\$a1 online resource.
=336  \\$atext$btxt$2rdacontent
=337  \\$acomputer$bc$2rdamedia
=338  \\$aonline resource$bcr$2rdacarrier
=490  1\$aNBS report ;$v8175
=500  \\$a1964.
=500  \\$aContributed record: Metadata reviewed, not verified. Some fields updated by batch processes.
=500  \\$aTitle from PDF title page.
=504  \\$aIncludes bibliographical references.
=650  \0$aSpectral reflectance$xMeasurement.
=650  \7$aSpectral reflectance$xMeasurement.$2fast$0(OCoLC)fst01129066
=700  1\$aMoore, D. G.
=710  1\$aUnited States.$bNational Bureau of Standards.
=830  \0$aNBS report ;$v8175.
=856  4\$uhttps://dx.doi.org/10.6028/NBS.RPT.8175
=856  4\$zAddress at time of PURL creation$uhttps://www.govinfo.gov/content/pkg/GOVPUB-C13-cc27984af380b7dded115f3f1ff2e90e/pdf/GOVPUB-C13-cc27984af380b7dded115f3f1ff2e90e.pdf
=856  40$uhttps://purl.fdlp.gov/GPO/gpo103061
=049  \\$aGPOO
=922  \\$aBatch-processed
=922  \\$aNIST-1$b20180815

