=LDR  01673nam  2200397Ia 45e0
=001  001077261
=003  OCoLC
=005  20180711120955.0
=008  161006s1964\\\\mdu\\\\\ob\\\f000\0\eng\d
=024  8\$aGOVPUB-C13-f0758b4c471b73584ed6dcbde8304aee
=035  \\$a(OCoLC)959982469
=040  \\$aNBS$beng$erda$cNBS$dOCLCO$dOCLCQ
=086  0\$aC 13.38:8174
=100  1\$aRichmond, Joseph C.
=245  10$aProcedures for precise determination of thermal radiation properties :$bannual summary report October 1, 1962 - October 31, 1963 /$cJoseph C. Richmond, David P. DeWitt, Warren D. Hayes, Jr.
=264  \1$aGaithersburg, MD :$bU.S. Dept. of Commerce, National Institute of Standards and Technology,$c1964.
=300  \\$a1 online resource.
=336  \\$atext$btxt$2rdacontent
=337  \\$acomputer$bc$2rdamedia
=338  \\$aonline resource$bcr$2rdacarrier
=490  1\$aNBS report ;$v8174
=500  \\$a1964.
=500  \\$aContributed record: Metadata reviewed, not verified. Some fields updated by batch processes.
=500  \\$aTitle from PDF title page.
=504  \\$aIncludes bibliographical references.
=700  1\$aDeWitt, David P.
=700  1\$aHayes, Warren D.
=700  1\$aRichmond, Joseph C.
=710  1\$aUnited States.$bNational Bureau of Standards.
=830  \0$aNBS report ;$v8174.
=856  4\$uhttps://dx.doi.org/10.6028/NBS.RPT.8174
=856  4\$zAddress at time of PURL creation$uhttps://www.govinfo.gov/content/pkg/GOVPUB-C13-f0758b4c471b73584ed6dcbde8304aee/pdf/GOVPUB-C13-f0758b4c471b73584ed6dcbde8304aee.pdf
=856  40$uhttps://purl.fdlp.gov/GPO/gpo104810
=049  \\$aGPOO
=922  \\$aBatch-processed
=922  \\$aNIST-1$b20180815

