=LDR  01596nam  2200397Ia 45e0
=001  001076538
=003  OCoLC
=005  20180711120958.0
=008  161006s1964\\\\mdu\\\\\ob\\\f000\0\eng\d
=024  8\$aGOVPUB-C13-35b962c71568d0ca34d757c6ae52f569
=035  \\$a(OCoLC)959982605
=040  \\$aNBS$beng$erda$cNBS$dOCLCO$dOCLCQ
=086  0\$aC 13.38:8510
=100  1\$aRyan, J. V.
=245  10$aConcretes for jet aircraft warm-up, power check maintenance aprons, and runways :$bquarterly report /$cJ.V. Ryan, E.C. Tuma, W.N. Bettum.
=264  \1$aGaithersburg, MD :$bU.S. Dept. of Commerce, National Institute of Standards and Technology,$c1964.
=300  \\$a1 online resource.
=336  \\$atext$btxt$2rdacontent
=337  \\$acomputer$bc$2rdamedia
=338  \\$aonline resource$bcr$2rdacarrier
=490  1\$aNBS report ;$v8510
=500  \\$a1964.
=500  \\$aContributed record: Metadata reviewed, not verified. Some fields updated by batch processes.
=500  \\$aTitle from PDF title page.
=504  \\$aIncludes bibliographical references.
=700  1\$aBettum, W. N.
=700  1\$aRyan, J. V.
=700  1\$aTuma, E. C.
=710  1\$aUnited States.$bNational Bureau of Standards.
=830  \0$aNBS report ;$v8510.
=856  4\$uhttps://dx.doi.org/10.6028/NBS.RPT.8510
=856  4\$zAddress at time of PURL creation$uhttps://www.govinfo.gov/content/pkg/GOVPUB-C13-35b962c71568d0ca34d757c6ae52f569/pdf/GOVPUB-C13-35b962c71568d0ca34d757c6ae52f569.pdf
=856  40$uhttps://purl.fdlp.gov/GPO/gpo96614
=049  \\$aGPOO
=922  \\$aBatch-processed
=922  \\$aNIST-1$b20180815

