=LDR  01926nam  2200457Ia 45e0
=001  001076825
=003  OCoLC
=005  20180711120955.0
=008  161006s1964\\\\mdu\\\\\ob\\\f000\0\eng\d
=024  8\$aGOVPUB-C13-7fc3263e95d4674e4ed9348cd6d30298
=035  \\$a(OCoLC)959982471
=040  \\$aNBS$beng$erda$cNBS$dOCLCO$dOCLCF$dOCLCQ
=086  0\$aC 13.38:8189
=100  1\$aRyan, J. V.
=245  10$aEvaluation of refractory qualities of concretes for jet aircraft warm-up, power check maintenance aprons, and runways :$bquarterly report /$cJ.V. Ryan, E.C. Tuma.
=264  \1$aGaithersburg, MD :$bU.S. Dept. of Commerce, National Institute of Standards and Technology,$c1964.
=300  \\$a1 online resource.
=336  \\$atext$btxt$2rdacontent
=337  \\$acomputer$bc$2rdamedia
=338  \\$aonline resource$bcr$2rdacarrier
=490  1\$aNBS report ;$v8189
=500  \\$a1964.
=500  \\$aContributed record: Metadata reviewed, not verified. Some fields updated by batch processes.
=500  \\$aTitle from PDF title page.
=504  \\$aIncludes bibliographical references.
=650  \0$aAircraft exhaust emissions.
=650  \0$aConcrete$xTesting.
=650  \0$aConcrete$xThermal properties.
=650  \7$aAircraft exhaust emissions.$2fast$0(OCoLC)fst00802815
=650  \7$aConcrete$xTesting.$2fast$0(OCoLC)fst00874220
=650  \7$aConcrete$xThermal properties.$2fast$0(OCoLC)fst00874227
=700  1\$aRyan, J. V.
=700  1\$aTuma, E. C.
=710  1\$aUnited States.$bNational Bureau of Standards.
=830  \0$aNBS report ;$v8189.
=856  4\$uhttps://dx.doi.org/10.6028/NBS.RPT.8189
=856  4\$zAddress at time of PURL creation$uhttps://www.govinfo.gov/content/pkg/GOVPUB-C13-7fc3263e95d4674e4ed9348cd6d30298/pdf/GOVPUB-C13-7fc3263e95d4674e4ed9348cd6d30298.pdf
=856  40$uhttps://purl.fdlp.gov/GPO/gpo99812
=049  \\$aGPOO
=922  \\$aBatch-processed
=922  \\$aNIST-1$b20180815

