=LDR  01615nam  2200397Ia 45e0
=001  001077130
=003  OCoLC
=005  20180711120956.0
=008  161006s1964\\\\mdu\\\\\ob\\\f000\0\eng\d
=024  8\$aGOVPUB-C13-d020cdf25027a34eb760959580365107
=035  \\$a(OCoLC)959982531
=040  \\$aNBS$beng$erda$cNBS$dOCLCO$dOCLCQ
=086  0\$aC 13.38:8342
=100  1\$aRyan, J. V.
=245  10$aEvaluation of refractory qualities of concretes for jet aircraft warm-up, power check maintenance aprons, and runways /$cJ.V. Ryan, E.C. Tuma, W.N. Bettum.
=264  \1$aGaithersburg, MD :$bU.S. Dept. of Commerce, National Institute of Standards and Technology,$c1964.
=300  \\$a1 online resource.
=336  \\$atext$btxt$2rdacontent
=337  \\$acomputer$bc$2rdamedia
=338  \\$aonline resource$bcr$2rdacarrier
=490  1\$aNBS report ;$v8342
=500  \\$a1964.
=500  \\$aContributed record: Metadata reviewed, not verified. Some fields updated by batch processes.
=500  \\$aTitle from PDF title page.
=504  \\$aIncludes bibliographical references.
=700  1\$aBettum, W. N.
=700  1\$aRyan, J. V.
=700  1\$aTuma, E. C.
=710  1\$aUnited States.$bNational Bureau of Standards.
=830  \0$aNBS report ;$v8342.
=856  4\$uhttps://dx.doi.org/10.6028/NBS.RPT.8342
=856  4\$zAddress at time of PURL creation$uhttps://www.govinfo.gov/content/pkg/GOVPUB-C13-d020cdf25027a34eb760959580365107/pdf/GOVPUB-C13-d020cdf25027a34eb760959580365107.pdf
=856  40$uhttps://purl.fdlp.gov/GPO/gpo103212
=049  \\$aGPOO
=922  \\$aBatch-processed
=922  \\$aNIST-1$b20180815

