=LDR  01709nam  2200433Ia 45e0
=001  001076665
=003  OCoLC
=005  20180711120955.0
=008  161006s1964\\\\mdu\\\\\ob\\\f000\0\eng\d
=024  8\$aGOVPUB-C13-54a696ddac7e5ac382d0a4c7d1f8d737
=035  \\$a(OCoLC)959982468
=040  \\$aNBS$beng$erda$cNBS$dOCLCO$dOCLCF$dOCLCQ
=086  0\$aC 13.38:8172
=100  1\$aShoub, H.
=245  10$aRadiant ignition of wall finish materials in a small home /$cH. Shoub, E.W. Bender.
=264  \1$aGaithersburg, MD :$bU.S. Dept. of Commerce, National Institute of Standards and Technology,$c1964.
=300  \\$a1 online resource.
=336  \\$atext$btxt$2rdacontent
=337  \\$acomputer$bc$2rdamedia
=338  \\$aonline resource$bcr$2rdacarrier
=490  1\$aNBS report ;$v8172
=500  \\$a1964.
=500  \\$aContributed record: Metadata reviewed, not verified. Some fields updated by batch processes.
=500  \\$aTitle from PDF title page.
=504  \\$aIncludes bibliographical references.
=650  \0$aFinishes and finishing.
=650  \0$aFire testing.
=650  \7$aFinishes and finishing.$2fast$0(OCoLC)fst00924885
=650  \7$aFire testing.$2fast$0(OCoLC)fst00925555
=700  1\$aBender, E. W.
=700  1\$aShoub, H.
=710  1\$aUnited States.$bNational Bureau of Standards.
=830  \0$aNBS report ;$v8172.
=856  4\$uhttps://dx.doi.org/10.6028/NBS.RPT.8172
=856  4\$zAddress at time of PURL creation$uhttps://www.govinfo.gov/content/pkg/GOVPUB-C13-54a696ddac7e5ac382d0a4c7d1f8d737/pdf/GOVPUB-C13-54a696ddac7e5ac382d0a4c7d1f8d737.pdf
=856  40$uhttps://purl.fdlp.gov/GPO/gpo97985
=049  \\$aGPOO
=922  \\$aBatch-processed
=922  \\$aNIST-1$b20180815

