=LDR  01632nam  2200397Ia 45e0
=001  001077052
=003  OCoLC
=005  20180711120955.0
=008  161006s1964\\\\mdu\\\\\ob\\\f000\0\eng\d
=024  8\$aGOVPUB-C13-c036cae48083de7bfc94d473e0d4eaf2
=035  \\$a(OCoLC)959982463
=040  \\$aNBS$beng$erda$cNBS$dOCLCO$dOCLCQ
=086  0\$aC 13.38:8157
=100  1\$aStiehler, Robert D.
=245  10$aMeasurement of water absorption of expanded polystyrene thermal insulation /$cRobert D. Stiehler, Richard W. Young.
=264  \1$aGaithersburg, MD :$bU.S. Dept. of Commerce, National Institute of Standards and Technology,$c1964.
=300  \\$a1 online resource.
=336  \\$atext$btxt$2rdacontent
=337  \\$acomputer$bc$2rdamedia
=338  \\$aonline resource$bcr$2rdacarrier
=490  1\$aNBS report ;$v8157
=500  \\$a1964.
=500  \\$aContributed record: Metadata reviewed, not verified. Some fields updated by batch processes.
=500  \\$aTitle from PDF title page.
=504  \\$aIncludes bibliographical references.
=650  \0$aPolystyrene$xAbsorption and adsorption$xTesting.
=700  1\$aStiehler, Robert D.
=700  1\$aYoung, Richard W.
=710  1\$aUnited States.$bNational Bureau of Standards.
=830  \0$aNBS report ;$v8157.
=856  4\$uhttps://dx.doi.org/10.6028/NBS.RPT.8157
=856  4\$zAddress at time of PURL creation$uhttps://www.govinfo.gov/content/pkg/GOVPUB-C13-c036cae48083de7bfc94d473e0d4eaf2/pdf/GOVPUB-C13-c036cae48083de7bfc94d473e0d4eaf2.pdf
=856  40$uhttps://purl.fdlp.gov/GPO/gpo102539
=049  \\$aGPOO
=922  \\$aBatch-processed
=922  \\$aNIST-1$b20180815

