=LDR  01495nam  2200361Ia 45e0
=001  001076988
=003  OCoLC
=005  20180711120956.0
=008  161006s1964\\\\mdu\\\\\ob\\\f000\0\eng\d
=024  8\$aGOVPUB-C13-b0629ea69c8c77b73931a51d3b93950b
=035  \\$a(OCoLC)959982533
=040  \\$aNBS$beng$erda$cNBS$dOCLCO$dOCLCQ
=086  0\$aC 13.38:8347
=110  1\$aUnited States.$bNational Bureau of Standards.
=245  10$aProgress report January 8, 1964 through March 31, 1964 /$cNational Bureau of Standards.
=264  \1$aGaithersburg, MD :$bU.S. Dept. of Commerce, National Institute of Standards and Technology,$c1964.
=300  \\$a1 online resource.
=336  \\$atext$btxt$2rdacontent
=337  \\$acomputer$bc$2rdamedia
=338  \\$aonline resource$bcr$2rdacarrier
=490  1\$aNBS report ;$v8347
=500  \\$a1964.
=500  \\$aContributed record: Metadata reviewed, not verified. Some fields updated by batch processes.
=500  \\$aTitle from PDF title page.
=504  \\$aIncludes bibliographical references.
=710  1\$aUnited States.$bNational Bureau of Standards.
=830  \0$aNBS report ;$v8347.
=856  4\$uhttps://dx.doi.org/10.6028/NBS.RPT.8347
=856  4\$zAddress at time of PURL creation$uhttps://www.govinfo.gov/content/pkg/GOVPUB-C13-b0629ea69c8c77b73931a51d3b93950b/pdf/GOVPUB-C13-b0629ea69c8c77b73931a51d3b93950b.pdf
=856  40$uhttps://purl.fdlp.gov/GPO/gpo101904
=049  \\$aGPOO
=922  \\$aBatch-processed
=922  \\$aNIST-1$b20180815

