=LDR  01571nam  2200361Ia 45e0
=001  001077291
=003  OCoLC
=005  20180711120957.0
=008  161006s1964\\\\mdu\\\\\ob\\\f000\0\eng\d
=024  8\$aGOVPUB-C13-fb795230777cca7da37d939062c5c94f
=035  \\$a(OCoLC)959982594
=040  \\$aNBS$beng$erda$cNBS$dOCLCO$dOCLCQ
=086  0\$aC 13.38:8327
=110  1\$aUnited States.$bNational Bureau of Standards.
=245  10$aProcedures for precise determination of thermal radiation properties :$bprogress report no. 21 November 1, 1963 - January 31, 1964 /$cNational Bureau of Standards.
=264  \1$aGaithersburg, MD :$bU.S. Dept. of Commerce, National Institute of Standards and Technology,$c1964.
=300  \\$a1 online resource.
=336  \\$atext$btxt$2rdacontent
=337  \\$acomputer$bc$2rdamedia
=338  \\$aonline resource$bcr$2rdacarrier
=490  1\$aNBS report ;$v8327
=500  \\$a1964.
=500  \\$aContributed record: Metadata reviewed, not verified. Some fields updated by batch processes.
=500  \\$aTitle from PDF title page.
=504  \\$aIncludes bibliographical references.
=710  1\$aUnited States.$bNational Bureau of Standards.
=830  \0$aNBS report ;$v8327.
=856  4\$uhttps://dx.doi.org/10.6028/NBS.RPT.8327
=856  4\$zAddress at time of PURL creation$uhttps://www.govinfo.gov/content/pkg/GOVPUB-C13-fb795230777cca7da37d939062c5c94f/pdf/GOVPUB-C13-fb795230777cca7da37d939062c5c94f.pdf
=856  40$uhttps://purl.fdlp.gov/GPO/gpo105242
=049  \\$aGPOO
=922  \\$aBatch-processed
=922  \\$aNIST-1$b20180815

