=LDR  01598nam  2200397Ia 45e0
=001  001076537
=003  OCoLC
=005  20180711120957.0
=008  161006s1964\\\\mdu\\\\\ob\\\f000\0\eng\d
=024  8\$aGOVPUB-C13-35a6e6547c6d0c49d01d452fe474122a
=035  \\$a(OCoLC)959982603
=040  \\$aNBS$beng$erda$cNBS$dOCLCO$dOCLCQ
=086  0\$aC 13.38:8389
=100  1\$aWatson, T. W.
=245  10$aThermal conductivity and electrical resistivity of a specimen of ARMCO iron /$cT.W. Watson, H.E. Robinson.
=264  \1$aGaithersburg, MD :$bU.S. Dept. of Commerce, National Institute of Standards and Technology,$c1964.
=300  \\$a1 online resource.
=336  \\$atext$btxt$2rdacontent
=337  \\$acomputer$bc$2rdamedia
=338  \\$aonline resource$bcr$2rdacarrier
=490  1\$aNBS report ;$v8389
=500  \\$a1964.
=500  \\$aContributed record: Metadata reviewed, not verified. Some fields updated by batch processes.
=500  \\$aTitle from PDF title page.
=504  \\$aIncludes bibliographical references.
=650  \0$aMetals$xThermal conductivity$xTesting.
=700  1\$aRobinson, H. E.
=700  1\$aWatson, T. W.
=710  1\$aUnited States.$bNational Bureau of Standards.
=830  \0$aNBS report ;$v8389.
=856  4\$uhttps://dx.doi.org/10.6028/NBS.RPT.8389
=856  4\$zAddress at time of PURL creation$uhttps://www.govinfo.gov/content/pkg/GOVPUB-C13-35a6e6547c6d0c49d01d452fe474122a/pdf/GOVPUB-C13-35a6e6547c6d0c49d01d452fe474122a.pdf
=856  40$uhttps://purl.fdlp.gov/GPO/gpo96612
=049  \\$aGPOO
=922  \\$aBatch-processed
=922  \\$aNIST-1$b20180815

