=LDR  01678nam  2200397Ia 45e0
=001  001076674
=003  OCoLC
=005  20180711120952.0
=008  161006s1964\\\\mdu\\\\\ob\\\f000\0\eng\d
=024  8\$aGOVPUB-C13-565ed90fe13a1b832260e52d797b42cb
=035  \\$a(OCoLC)959982018
=040  \\$aNBS$beng$erda$cNBS$dOCLCO$dOCLCF$dOCLCQ
=086  0\$aC 13.38:8535
=100  1\$aWolfe, Winthrop C.
=245  10$aDevelopment of methods of test for quality control of porcelain enamels :$bprogress report April 1 through June 30, 1964 /$cWinthrop C. Wolfe.
=264  \1$aGaithersburg, MD :$bU.S. Dept. of Commerce, National Institute of Standards and Technology,$c1964.
=300  \\$a1 online resource.
=336  \\$atext$btxt$2rdacontent
=337  \\$acomputer$bc$2rdamedia
=338  \\$aonline resource$bcr$2rdacarrier
=490  1\$aNBS report ;$v8535
=500  \\$a1964.
=500  \\$aContributed record: Metadata reviewed, not verified. Some fields updated by batch processes.
=500  \\$aTitle from PDF title page.
=504  \\$aIncludes bibliographical references.
=650  \0$aConcrete coatings$xTesting.
=650  \7$aConcrete coatings$xTesting.$2fast$0(OCoLC)fst00874260
=700  1\$aWolfe, Winthrop C.
=710  1\$aUnited States.$bNational Bureau of Standards.
=830  \0$aNBS report ;$v8535.
=856  4\$uhttps://dx.doi.org/10.6028/NBS.RPT.8535
=856  4\$zAddress at time of PURL creation$uhttps://www.govinfo.gov/content/pkg/GOVPUB-C13-565ed90fe13a1b832260e52d797b42cb/pdf/GOVPUB-C13-565ed90fe13a1b832260e52d797b42cb.pdf
=856  40$uhttps://purl.fdlp.gov/GPO/gpo98048
=049  \\$aGPOO
=922  \\$aBatch-processed
=922  \\$aNIST-1$b20180815

