=LDR  01620nam  2200385Ia 45e0
=001  001076790
=003  OCoLC
=005  20180711120958.0
=008  161006s1965\\\\mdu\\\\\ob\\\f000\0\eng\d
=024  8\$aGOVPUB-C13-75831e588b58f1c8f269ead7a1d1a79b
=035  \\$a(OCoLC)959982681
=040  \\$aNBS$beng$erda$cNBS$dOCLCO$dOCLCF$dOCLCQ
=086  0\$aC 13.38:8975
=110  2\$aBuilding Research Division.
=245  10$aInvestigation of performance characteristics for sanitary plumbing fixtures /$cBuilding Research Division.
=264  \1$aGaithersburg, MD :$bU.S. Dept. of Commerce, National Institute of Standards and Technology,$c1965.
=300  \\$a1 online resource.
=336  \\$atext$btxt$2rdacontent
=337  \\$acomputer$bc$2rdamedia
=338  \\$aonline resource$bcr$2rdacarrier
=490  1\$aNBS report ;$v8975
=500  \\$a1965.
=500  \\$aContributed record: Metadata reviewed, not verified. Some fields updated by batch processes.
=500  \\$aTitle from PDF title page.
=504  \\$aIncludes bibliographical references.
=650  \0$aPlumbing fixtures$xStandards.
=650  \7$aPlumbing fixtures$xStandards.$2fast$0(OCoLC)fst01067369
=710  1\$aUnited States.$bNational Bureau of Standards.
=830  \0$aNBS report ;$v8975.
=856  4\$uhttps://dx.doi.org/10.6028/NBS.RPT.8975
=856  4\$zAddress at time of PURL creation$uhttps://www.govinfo.gov/content/pkg/GOVPUB-C13-75831e588b58f1c8f269ead7a1d1a79b/pdf/GOVPUB-C13-75831e588b58f1c8f269ead7a1d1a79b.pdf
=856  40$uhttps://purl.fdlp.gov/GPO/gpo99402
=049  \\$aGPOO
=922  \\$aBatch-processed
=922  \\$aNIST-1$b20180815

