=LDR  01625nam  2200409Ia 45e0
=001  001076430
=003  OCoLC
=005  20180711120934.0
=008  161006s1965\\\\mdu\\\\\ob\\\f000\0\eng\d
=024  8\$aGOVPUB-C13-1c4b8bc6a903b5ba8e90412a9e198f9a
=035  \\$a(OCoLC)959982640
=040  \\$aNBS$beng$erda$cNBS$dOCLCO$dOCLCQ
=086  0\$aC 13.38:8632
=100  1\$aCullen, William C.
=245  12$aA new approach to roof system design /$cWilliam C. Cullen, Thomas H. Boone.
=264  \1$aGaithersburg, MD :$bU.S. Dept. of Commerce, National Institute of Standards and Technology,$c1965.
=300  \\$a1 online resource.
=336  \\$atext$btxt$2rdacontent
=337  \\$acomputer$bc$2rdamedia
=338  \\$aonline resource$bcr$2rdacarrier
=490  1\$aNBS report ;$v8632
=500  \\$a1965.
=500  \\$aContributed record: Metadata reviewed, not verified. Some fields updated by batch processes.
=500  \\$aTitle from PDF title page.
=504  \\$aIncludes bibliographical references.
=650  \0$aBituminous materials$xService life.
=650  \0$aRoofing$xDesign and construction.
=700  1\$aBoone, Thomas H.
=700  1\$aCullen, William C.
=710  1\$aUnited States.$bNational Bureau of Standards.
=830  \0$aNBS report ;$v8632.
=856  4\$uhttps://dx.doi.org/10.6028/NBS.RPT.8632
=856  4\$zAddress at time of PURL creation$uhttps://www.govinfo.gov/content/pkg/GOVPUB-C13-1c4b8bc6a903b5ba8e90412a9e198f9a/pdf/GOVPUB-C13-1c4b8bc6a903b5ba8e90412a9e198f9a.pdf
=856  40$uhttps://purl.fdlp.gov/GPO/gpo95538
=049  \\$aGPOO
=922  \\$aBatch-processed
=922  \\$aNIST-1$b20180815

