=LDR  01525nam  2200385Ia 45e0
=001  001076486
=003  OCoLC
=005  20180711120956.0
=008  161006s1965\\\\mdu\\\\\ob\\\f000\0\eng\d
=024  8\$aGOVPUB-C13-29bf0027c44cceccffc4aa91ad669d0e
=035  \\$a(OCoLC)959982543
=040  \\$aNBS$beng$erda$cNBS$dOCLCO$dOCLCQ
=086  0\$aC 13.38:8905
=100  1\$aCullen, William C.
=245  10$aPerformance of roofings in cold climates /$cWilliam C. Cullen.
=264  \1$aGaithersburg, MD :$bU.S. Dept. of Commerce, National Institute of Standards and Technology,$c1965.
=300  \\$a1 online resource.
=336  \\$atext$btxt$2rdacontent
=337  \\$acomputer$bc$2rdamedia
=338  \\$aonline resource$bcr$2rdacarrier
=490  1\$aNBS report ;$v8905
=500  \\$a1965.
=500  \\$aContributed record: Metadata reviewed, not verified. Some fields updated by batch processes.
=500  \\$aTitle from PDF title page.
=504  \\$aIncludes bibliographical references.
=650  \0$aRoofing$xService life$xTesting.
=700  1\$aCullen, William C.
=710  1\$aUnited States.$bNational Bureau of Standards.
=830  \0$aNBS report ;$v8905.
=856  4\$uhttps://dx.doi.org/10.6028/NBS.RPT.8905
=856  4\$zAddress at time of PURL creation$uhttps://www.govinfo.gov/content/pkg/GOVPUB-C13-29bf0027c44cceccffc4aa91ad669d0e/pdf/GOVPUB-C13-29bf0027c44cceccffc4aa91ad669d0e.pdf
=856  40$uhttps://purl.fdlp.gov/GPO/gpo96128
=049  \\$aGPOO
=922  \\$aBatch-processed
=922  \\$aNIST-1$b20180815

