=LDR  01722nam  2200409Ia 45e0
=001  001076883
=003  OCoLC
=005  20180711120958.0
=008  161006s1965\\\\mdu\\\\\ob\\\f000\0\eng\d
=024  8\$aGOVPUB-C13-920afcd7bb31b138da191c3a07d1743f
=035  \\$a(OCoLC)959982659
=040  \\$aNBS$beng$erda$cNBS$dOCLCO$dOCLCF$dOCLCQ
=086  0\$aC 13.38:8673
=100  1\$aDavis, Joseph C.
=245  10$aPerformance tests of two deep-bed high efficiency air filters :$bmanufactured by Continental Air Filters, Inc. Louisville, Kentucky /$cJoseph C. Davis, Charles M. Hunt.
=264  \1$aGaithersburg, MD :$bU.S. Dept. of Commerce, National Institute of Standards and Technology,$c1965.
=300  \\$a1 online resource.
=336  \\$atext$btxt$2rdacontent
=337  \\$acomputer$bc$2rdamedia
=338  \\$aonline resource$bcr$2rdacarrier
=490  1\$aNBS report ;$v8673
=500  \\$a1965.
=500  \\$aContributed record: Metadata reviewed, not verified. Some fields updated by batch processes.
=500  \\$aTitle from PDF title page.
=504  \\$aIncludes bibliographical references.
=650  \0$aAir filters$xTesting.
=650  \7$aAir filters$xTesting.$2fast$0(OCoLC)fst00802369
=700  1\$aDavis, Joseph C.
=700  1\$aHunt, Charles M.
=710  1\$aUnited States.$bNational Bureau of Standards.
=830  \0$aNBS report ;$v8673.
=856  4\$uhttps://dx.doi.org/10.6028/NBS.RPT.8673
=856  4\$zAddress at time of PURL creation$uhttps://www.govinfo.gov/content/pkg/GOVPUB-C13-920afcd7bb31b138da191c3a07d1743f/pdf/GOVPUB-C13-920afcd7bb31b138da191c3a07d1743f.pdf
=856  40$uhttps://purl.fdlp.gov/GPO/gpo100697
=049  \\$aGPOO
=922  \\$aBatch-processed
=922  \\$aNIST-1$b20180815

