=LDR  01767nam  2200421Ia 45e0
=001  001076791
=003  OCoLC
=005  20180711120958.0
=008  161006s1965\\\\mdu\\\\\ob\\\f000\0\eng\d
=024  8\$aGOVPUB-C13-759f34c8226f4ec867c3ff0276700851
=035  \\$a(OCoLC)959982657
=040  \\$aNBS$beng$erda$cNBS$dOCLCO$dOCLCQ$dOCLCF
=086  0\$aC 13.38:8663
=100  1\$aDrapeau, F. J. Jerome.
=245  10$aMathematical analysis of temperature rise in the heat conduction region of an underground shelter /$cF.J. Jerome Drapeau, Neil V. Baggette.
=264  \1$aGaithersburg, MD :$bU.S. Dept. of Commerce, National Institute of Standards and Technology,$c1965.
=300  \\$a1 online resource.
=336  \\$atext$btxt$2rdacontent
=337  \\$acomputer$bc$2rdamedia
=338  \\$aonline resource$bcr$2rdacarrier
=490  1\$aNBS report ;$v8663
=500  \\$a1965.
=500  \\$aContributed record: Metadata reviewed, not verified. Some fields updated by batch processes.
=500  \\$aTitle from PDF title page.
=504  \\$aIncludes bibliographical references.
=650  \0$aConcrete construction$xTesting.
=650  \0$aHeat$xConduction$xTesting.
=650  \7$aConcrete construction$xTesting$2fast$0(OCoLC)fst00874303
=700  1\$aBaggette, Neil V.
=700  1\$aDrapeau, F. J. Jerome.
=710  1\$aUnited States.$bNational Bureau of Standards.
=830  \0$aNBS report ;$v8663.
=856  4\$uhttps://dx.doi.org/10.6028/NBS.RPT.8663
=856  4\$zAddress at time of PURL creation$uhttps://www.govinfo.gov/content/pkg/GOVPUB-C13-759f34c8226f4ec867c3ff0276700851/pdf/GOVPUB-C13-759f34c8226f4ec867c3ff0276700851.pdf
=856  40$uhttps://purl.fdlp.gov/GPO/gpo99406
=049  \\$aGPOO
=922  \\$aBatch-processed
=922  \\$aNIST-1$b20180815

