=LDR  01597nam  2200397Ia 45e0
=001  001077111
=003  OCoLC
=005  20180711120958.0
=008  161006s1965\\\\mdu\\\\\ob\\\f000\0\eng\d
=024  8\$aGOVPUB-C13-cc9eb0e9832abe64e483c2790a5d1123
=035  \\$a(OCoLC)959982656
=040  \\$aNBS$beng$erda$cNBS$dOCLCO$dOCLCF$dOCLCQ
=086  0\$aC 13.38:8660
=100  1\$aGreenfeld, Sidney H.
=245  10$aModified blowing of asphalts /$cSidney H. Greenfeld.
=264  \1$aGaithersburg, MD :$bU.S. Dept. of Commerce, National Institute of Standards and Technology,$c1965.
=300  \\$a1 online resource.
=336  \\$atext$btxt$2rdacontent
=337  \\$acomputer$bc$2rdamedia
=338  \\$aonline resource$bcr$2rdacarrier
=490  1\$aNBS report ;$v8660
=500  \\$a1965.
=500  \\$aContributed record: Metadata reviewed, not verified. Some fields updated by batch processes.
=500  \\$aTitle from PDF title page.
=504  \\$aIncludes bibliographical references.
=650  \0$aRoofing, Bituminous$xTesting.
=650  \7$aRoofing, Bituminous$xTesting.$2fast$0(OCoLC)fst01100301
=700  1\$aGreenfeld, Sidney H.
=710  1\$aUnited States.$bNational Bureau of Standards.
=830  \0$aNBS report ;$v8660.
=856  4\$uhttps://dx.doi.org/10.6028/NBS.RPT.8660
=856  4\$zAddress at time of PURL creation$uhttps://www.govinfo.gov/content/pkg/GOVPUB-C13-cc9eb0e9832abe64e483c2790a5d1123/pdf/GOVPUB-C13-cc9eb0e9832abe64e483c2790a5d1123.pdf
=856  40$uhttps://purl.fdlp.gov/GPO/gpo103075
=049  \\$aGPOO
=922  \\$aBatch-processed
=922  \\$aNIST-1$b20180815

