=LDR  01632nam  2200409Ia 45e0
=001  001076769
=003  OCoLC
=005  20180711120958.0
=008  161006s1965\\\\mdu\\\\\ob\\\f000\0\eng\d
=024  8\$aGOVPUB-C13-704524e3d41777f43b0b70db76d3b3da
=035  \\$a(OCoLC)959982677
=040  \\$aNBS$beng$erda$cNBS$dOCLCO$dOCLCF$dOCLCQ
=086  0\$aC 13.38:8947
=100  1\$aGross, Daniel.
=245  12$aA laboratory test for measuring smoke from burning materials /$cDaniel Gross, J.J. Loftus.
=264  \1$aGaithersburg, MD :$bU.S. Dept. of Commerce, National Institute of Standards and Technology,$c1965.
=300  \\$a1 online resource.
=336  \\$atext$btxt$2rdacontent
=337  \\$acomputer$bc$2rdamedia
=338  \\$aonline resource$bcr$2rdacarrier
=490  1\$aNBS report ;$v8947
=500  \\$a1965.
=500  \\$aContributed record: Metadata reviewed, not verified. Some fields updated by batch processes.
=500  \\$aTitle from PDF title page.
=504  \\$aIncludes bibliographical references.
=650  \0$aSmoke$xMeasurement.
=650  \7$aSmoke$xMeasurement.$2fast$0(OCoLC)fst01121649
=700  1\$aGross, Daniel.
=700  1\$aLoftus, J. J.
=710  1\$aUnited States.$bNational Bureau of Standards.
=830  \0$aNBS report ;$v8947.
=856  4\$uhttps://dx.doi.org/10.6028/NBS.RPT.8947
=856  4\$zAddress at time of PURL creation$uhttps://www.govinfo.gov/content/pkg/GOVPUB-C13-704524e3d41777f43b0b70db76d3b3da/pdf/GOVPUB-C13-704524e3d41777f43b0b70db76d3b3da.pdf
=856  40$uhttps://purl.fdlp.gov/GPO/gpo99198
=049  \\$aGPOO
=922  \\$aBatch-processed
=922  \\$aNIST-1$b20180815

