=LDR  01671nam  2200409Ia 45e0
=001  001077087
=003  OCoLC
=005  20180711120958.0
=008  161006s1965\\\\mdu\\\\\ob\\\f000\0\eng\d
=024  8\$aGOVPUB-C13-c7810cf2967ec3d945e5f5985c1f48dc
=035  \\$a(OCoLC)959982660
=040  \\$aNBS$beng$erda$cNBS$dOCLCO$dOCLCF$dOCLCQ
=086  0\$aC 13.38:8674
=100  1\$aHunt, Charles M.
=245  10$aPerformance test of "Kleen-Air" glass fiber automatic renewable filter media /$cCharles M. Hunt, Paul R. Achenbach.
=264  \1$aGaithersburg, MD :$bU.S. Dept. of Commerce, National Institute of Standards and Technology,$c1965.
=300  \\$a1 online resource.
=336  \\$atext$btxt$2rdacontent
=337  \\$acomputer$bc$2rdamedia
=338  \\$aonline resource$bcr$2rdacarrier
=490  1\$aNBS report ;$v8674
=500  \\$a1965.
=500  \\$aContributed record: Metadata reviewed, not verified. Some fields updated by batch processes.
=500  \\$aTitle from PDF title page.
=504  \\$aIncludes bibliographical references.
=650  \0$aAir filters$xTesting.
=650  \7$aAir filters$xTesting.$2fast$0(OCoLC)fst00802369
=700  1\$aAchenbach, Paul R.
=700  1\$aHunt, Charles M.
=710  1\$aUnited States.$bNational Bureau of Standards.
=830  \0$aNBS report ;$v8674.
=856  4\$uhttps://dx.doi.org/10.6028/NBS.RPT.8674
=856  4\$zAddress at time of PURL creation$uhttps://www.govinfo.gov/content/pkg/GOVPUB-C13-c7810cf2967ec3d945e5f5985c1f48dc/pdf/GOVPUB-C13-c7810cf2967ec3d945e5f5985c1f48dc.pdf
=856  40$uhttps://purl.fdlp.gov/GPO/gpo102861
=049  \\$aGPOO
=922  \\$aBatch-processed
=922  \\$aNIST-1$b20180815

