=LDR  01783nam  2200433Ia 45e0
=001  001076339
=003  OCoLC
=005  20180711120936.0
=008  161006s1965\\\\mdu\\\\\ob\\\f000\0\eng\d
=024  8\$aGOVPUB-C13-04389783ac7336cd7467f93b1ffd3f86
=035  \\$a(OCoLC)959982956
=040  \\$aNBS$beng$erda$cNBS$dOCLCO$dOCLCF$dOCLCQ
=086  0\$aC 13.38:8972
=100  1\$aKusuda, T.
=245  10$aEarth temperature and thermal diffusivity at selected stations in the United States /$cT. Kusuda, Paul R. Achenbach.
=264  \1$aGaithersburg, MD :$bU.S. Dept. of Commerce, National Institute of Standards and Technology,$c1965.
=300  \\$a1 online resource.
=336  \\$atext$btxt$2rdacontent
=337  \\$acomputer$bc$2rdamedia
=338  \\$aonline resource$bcr$2rdacarrier
=490  1\$aNBS report ;$v8972
=500  \\$a1965.
=500  \\$aContributed record: Metadata reviewed, not verified. Some fields updated by batch processes.
=500  \\$aTitle from PDF title page.
=504  \\$aIncludes bibliographical references.
=650  \0$aHeat$xTransmission$xTesting.
=650  \0$aUnderground construction.
=650  \7$aHeat$xTransmission$xTesting.$2fast$0(OCoLC)fst00953845
=650  \7$aUnderground construction.$2fast$0(OCoLC)fst01160913
=700  1\$aAchenbach, Paul R.
=700  1\$aKusuda, T.
=710  1\$aUnited States.$bNational Bureau of Standards.
=830  \0$aNBS report ;$v8972.
=856  4\$uhttps://dx.doi.org/10.6028/NBS.RPT.8972
=856  4\$zAddress at time of PURL creation$uhttps://www.govinfo.gov/content/pkg/GOVPUB-C13-04389783ac7336cd7467f93b1ffd3f86/pdf/GOVPUB-C13-04389783ac7336cd7467f93b1ffd3f86.pdf
=856  40$uhttps://purl.fdlp.gov/GPO/gpo94578
=049  \\$aGPOO
=922  \\$aBatch-processed
=922  \\$aNIST-1$b20180815

