=LDR  01776nam  2200397Ia 45e0
=001  001076429
=003  OCoLC
=005  20180711120958.0
=008  161006s1965\\\\mdu\\\\\ob\\\f000\0\eng\d
=024  8\$aGOVPUB-C13-1c41f77b0a57ef5fe6b95a0f7130b2e8
=035  \\$a(OCoLC)959982662
=040  \\$aNBS$beng$erda$cNBS$dOCLCO$dOCLCQ$dOCLCO$dOCLCF
=086  0\$aC 13.38:8939
=100  1\$aMahaffey, C. T.
=245  10$aReport on Latin American travel :$bConcerning : The participation by the National Bureau of Standards in the Standards Seminar sponsored by the Agency for International Development, held in Bogota, Colombia April 26, 1965 to May 7, 1965 /$cC.T. Mahaffey.
=264  \1$aGaithersburg, MD :$bU.S. Dept. of Commerce, National Institute of Standards and Technology,$c1965.
=300  \\$a1 online resource.
=336  \\$atext$btxt$2rdacontent
=337  \\$acomputer$bc$2rdamedia
=338  \\$aonline resource$bcr$2rdacarrier
=490  1\$aNBS report ;$v8939
=500  \\$a1965.
=500  \\$aContributed record: Metadata reviewed, not verified. Some fields updated by batch processes.
=500  \\$aTitle from PDF title page.
=504  \\$aIncludes bibliographical references.
=651  \0$aLatin America$xStandards.
=651  \7$aLatin America.$2fast$0(OCoLC)fst01245945
=700  1\$aMahaffey, C. T.
=710  1\$aUnited States.$bNational Bureau of Standards.
=830  \0$aNBS report ;$v8939.
=856  4\$uhttps://dx.doi.org/10.6028/NBS.RPT.8939
=856  4\$zAddress at time of PURL creation$uhttps://www.govinfo.gov/content/pkg/GOVPUB-C13-1c41f77b0a57ef5fe6b95a0f7130b2e8/pdf/GOVPUB-C13-1c41f77b0a57ef5fe6b95a0f7130b2e8.pdf
=856  40$uhttps://purl.fdlp.gov/GPO/gpo95537
=049  \\$aGPOO
=922  \\$aBatch-processed
=922  \\$aNIST-1$b20180815

