=LDR  01686nam  2200397Ia 45e0
=001  001076972
=003  OCoLC
=005  20180711120958.0
=008  161006s1965\\\\mdu\\\\\ob\\\f000\0\eng\d
=024  8\$aGOVPUB-C13-aca80792136b05dcabca249598873bbc
=035  \\$a(OCoLC)959982680
=040  \\$aNBS$beng$erda$cNBS$dOCLCO$dOCLCQ$dOCLCO$dOCLCF
=086  0\$aC 13.38:8957
=100  1\$aMahaffey, Charles T.
=245  10$aReport on Latin America travel :$bconcerning U.S. in the Pan American Standards Commission (COPANT) meeting in Caracas, Venezuela /$cCharles T. Mahaffey.
=264  \1$aGaithersburg, MD :$bU.S. Dept. of Commerce, National Institute of Standards and Technology,$c1965.
=300  \\$a1 online resource.
=336  \\$atext$btxt$2rdacontent
=337  \\$acomputer$bc$2rdamedia
=338  \\$aonline resource$bcr$2rdacarrier
=490  1\$aNBS report ;$v8957
=500  \\$a1965.
=500  \\$aContributed record: Metadata reviewed, not verified. Some fields updated by batch processes.
=500  \\$aTitle from PDF title page.
=504  \\$aIncludes bibliographical references.
=651  \0$aLatin America$xStandards.
=651  \7$aLatin America.$2fast$0(OCoLC)fst01245945
=700  1\$aMahaffey, Charles T.
=710  1\$aUnited States.$bNational Bureau of Standards.
=830  \0$aNBS report ;$v8957.
=856  4\$uhttps://dx.doi.org/10.6028/NBS.RPT.8957
=856  4\$zAddress at time of PURL creation$uhttps://www.govinfo.gov/content/pkg/GOVPUB-C13-aca80792136b05dcabca249598873bbc/pdf/GOVPUB-C13-aca80792136b05dcabca249598873bbc.pdf
=856  40$uhttps://purl.fdlp.gov/GPO/gpo101741
=049  \\$aGPOO
=922  \\$aBatch-processed
=922  \\$aNIST-1$b20180815

