=LDR  01538nam  2200385Ia 45e0
=001  001076618
=003  OCoLC
=005  20180711120958.0
=008  161006s1965\\\\mdu\\\\\ob\\\f000\0\eng\d
=024  8\$aGOVPUB-C13-48bcd96f21a35ffcc670e323ba788226
=035  \\$a(OCoLC)959982671
=040  \\$aNBS$beng$erda$cNBS$dOCLCO$dOCLCQ
=086  0\$aC 13.38:8932
=100  1\$aMills, Robert M.
=245  10$aSome negative ions formed by electron attachment /$cRobert M. Mills.
=264  \1$aGaithersburg, MD :$bU.S. Dept. of Commerce, National Institute of Standards and Technology,$c1965.
=300  \\$a1 online resource.
=336  \\$atext$btxt$2rdacontent
=337  \\$acomputer$bc$2rdamedia
=338  \\$aonline resource$bcr$2rdacarrier
=490  1\$aNBS report ;$v8932
=500  \\$a1965.
=500  \\$aContributed record: Metadata reviewed, not verified. Some fields updated by batch processes.
=500  \\$aTitle from PDF title page.
=504  \\$aIncludes bibliographical references.
=650  \0$aTime-of-flight mass spectrometry$xTesting.
=700  1\$aMills, Robert M.
=710  1\$aUnited States.$bNational Bureau of Standards.
=830  \0$aNBS report ;$v8932.
=856  4\$uhttps://dx.doi.org/10.6028/NBS.RPT.8932
=856  4\$zAddress at time of PURL creation$uhttps://www.govinfo.gov/content/pkg/GOVPUB-C13-48bcd96f21a35ffcc670e323ba788226/pdf/GOVPUB-C13-48bcd96f21a35ffcc670e323ba788226.pdf
=856  40$uhttps://purl.fdlp.gov/GPO/gpo97533
=049  \\$aGPOO
=922  \\$aBatch-processed
=922  \\$aNIST-1$b20180815

