=LDR  01594nam  2200397Ia 45e0
=001  001076362
=003  OCoLC
=005  20180711120934.0
=008  161006s1965\\\\mdu\\\\\ob\\\f000\0\eng\d
=024  8\$aGOVPUB-C13-08da758dfd4890a6411c080223192661
=035  \\$a(OCoLC)959982641
=040  \\$aNBS$beng$erda$cNBS$dOCLCO$dOCLCQ
=086  0\$aC 13.38:8640
=100  1\$aPhillips, Carl W.
=245  12$aA study of vacuum gages for use in evacuating refrigerating systems /$cCarl W. Phillips, S.D. Cole, Paul R. Achenbach.
=264  \1$aGaithersburg, MD :$bU.S. Dept. of Commerce, National Institute of Standards and Technology,$c1965.
=300  \\$a1 online resource.
=336  \\$atext$btxt$2rdacontent
=337  \\$acomputer$bc$2rdamedia
=338  \\$aonline resource$bcr$2rdacarrier
=490  1\$aNBS report ;$v8640
=500  \\$a1965.
=500  \\$aContributed record: Metadata reviewed, not verified. Some fields updated by batch processes.
=500  \\$aTitle from PDF title page.
=504  \\$aIncludes bibliographical references.
=700  1\$aAchenbach, Paul R.
=700  1\$aCole, S. D.
=700  1\$aPhillips, Carl W.
=710  1\$aUnited States.$bNational Bureau of Standards.
=830  \0$aNBS report ;$v8640.
=856  4\$uhttps://dx.doi.org/10.6028/NBS.RPT.8640
=856  4\$zAddress at time of PURL creation$uhttps://www.govinfo.gov/content/pkg/GOVPUB-C13-08da758dfd4890a6411c080223192661/pdf/GOVPUB-C13-08da758dfd4890a6411c080223192661.pdf
=856  40$uhttps://purl.fdlp.gov/GPO/gpo94661
=049  \\$aGPOO
=922  \\$aBatch-processed
=922  \\$aNIST-1$b20180815

