=LDR  01622nam  2200397Ia 45e0
=001  001077290
=003  OCoLC
=005  20180711120958.0
=008  161006s1965\\\\mdu\\\\\ob\\\f000\0\eng\d
=024  8\$aGOVPUB-C13-fb63c2e418210bb0d69a7605d3ff93d0
=035  \\$a(OCoLC)959982670
=040  \\$aNBS$beng$erda$cNBS$dOCLCO$dOCLCQ$dOCLCO$dOCLCF
=086  0\$aC 13.38:8926
=100  1\$aRobertson, A. F.
=245  10$aReport of visit to British Fire Research Station 5 and 6 July 1965 /$cA.F. Robertson.
=264  \1$aGaithersburg, MD :$bU.S. Dept. of Commerce, National Institute of Standards and Technology,$c1965.
=300  \\$a1 online resource.
=336  \\$atext$btxt$2rdacontent
=337  \\$acomputer$bc$2rdamedia
=338  \\$aonline resource$bcr$2rdacarrier
=490  1\$aNBS report ;$v8926
=500  \\$a1965.
=500  \\$aContributed record: Metadata reviewed, not verified. Some fields updated by batch processes.
=500  \\$aTitle from PDF title page.
=504  \\$aIncludes bibliographical references.
=651  \0$aEurope$xFires and fire prevention$xResearch.
=651  \7$aEurope.$2fast$0(OCoLC)fst01245064
=700  1\$aRobertson, A. F.
=710  1\$aUnited States.$bNational Bureau of Standards.
=830  \0$aNBS report ;$v8926.
=856  4\$uhttps://dx.doi.org/10.6028/NBS.RPT.8926
=856  4\$zAddress at time of PURL creation$uhttps://www.govinfo.gov/content/pkg/GOVPUB-C13-fb63c2e418210bb0d69a7605d3ff93d0/pdf/GOVPUB-C13-fb63c2e418210bb0d69a7605d3ff93d0.pdf
=856  40$uhttps://purl.fdlp.gov/GPO/gpo105233
=049  \\$aGPOO
=922  \\$aBatch-processed
=922  \\$aNIST-1$b20180815

