=LDR  01661nam  2200397Ia 45e0
=001  001077121
=003  OCoLC
=005  20180711120958.0
=008  161006s1965\\\\mdu\\\\\ob\\\f000\0\eng\d
=024  8\$aGOVPUB-C13-ce4cfd8c9a446a7c67f16433a86dd3c8
=035  \\$a(OCoLC)959982638
=040  \\$aNBS$beng$erda$cNBS$dOCLCO$dOCLCF$dOCLCQ
=086  0\$aC 13.38:8616
=100  1\$aRyan, J. V.$q(James V.)
=245  10$aPerformance characteristics of exterior walls :$bprogress report for period July 1 - December 31, 1964 /$cJames V. Ryan.
=264  \1$aGaithersburg, MD :$bU.S. Dept. of Commerce, National Institute of Standards and Technology,$c1965.
=300  \\$a1 online resource.
=336  \\$atext$btxt$2rdacontent
=337  \\$acomputer$bc$2rdamedia
=338  \\$aonline resource$bcr$2rdacarrier
=490  1\$aNBS report ;$v8616
=500  \\$a1965.
=500  \\$aContributed record: Metadata reviewed, not verified. Some fields updated by batch processes.
=500  \\$aTitle from PDF title page.
=504  \\$aIncludes bibliographical references.
=650  \0$aExterior walls$xTesting.
=650  \7$aExterior walls$xTesting.$2fast$0(OCoLC)fst00918940
=700  1\$aRyan, J. V.$q(James V.)
=710  1\$aUnited States.$bNational Bureau of Standards.
=830  \0$aNBS report ;$v8616.
=856  4\$uhttps://dx.doi.org/10.6028/NBS.RPT.8616
=856  4\$zAddress at time of PURL creation$uhttps://www.govinfo.gov/content/pkg/GOVPUB-C13-ce4cfd8c9a446a7c67f16433a86dd3c8/pdf/GOVPUB-C13-ce4cfd8c9a446a7c67f16433a86dd3c8.pdf
=856  40$uhttps://purl.fdlp.gov/GPO/gpo103140
=049  \\$aGPOO
=922  \\$aBatch-processed
=922  \\$aNIST-1$b20180815

