=LDR  01598nam  2200397Ia 45e0
=001  001077073
=003  OCoLC
=005  20180711120958.0
=008  161006s1965\\\\mdu\\\\\ob\\\f000\0\eng\d
=024  8\$aGOVPUB-C13-c4b2800110a9732725930474168c4346
=035  \\$a(OCoLC)959982672
=040  \\$aNBS$beng$erda$cNBS$dOCLCO$dOCLCQ
=086  0\$aC 13.38:8933
=100  1\$aSandholzer, Marjorie W.
=245  10$aReview of fabric flammability test methods /$cMarjorie W. Sandholzer, M.P. Vaishnav.
=264  \1$aGaithersburg, MD :$bU.S. Dept. of Commerce, National Institute of Standards and Technology,$c1965.
=300  \\$a1 online resource.
=336  \\$atext$btxt$2rdacontent
=337  \\$acomputer$bc$2rdamedia
=338  \\$aonline resource$bcr$2rdacarrier
=490  1\$aNBS report ;$v8933
=500  \\$a1965.
=500  \\$aContributed record: Metadata reviewed, not verified. Some fields updated by batch processes.
=500  \\$aTitle from PDF title page.
=504  \\$aIncludes bibliographical references.
=650  \0$aTextile fabrics$xFlammability$xTesting.
=700  1\$aSandholzer, Marjorie W.
=700  1\$aVaishnav, M. P.
=710  1\$aUnited States.$bNational Bureau of Standards.
=830  \0$aNBS report ;$v8933.
=856  4\$uhttps://dx.doi.org/10.6028/NBS.RPT.8933
=856  4\$zAddress at time of PURL creation$uhttps://www.govinfo.gov/content/pkg/GOVPUB-C13-c4b2800110a9732725930474168c4346/pdf/GOVPUB-C13-c4b2800110a9732725930474168c4346.pdf
=856  40$uhttps://purl.fdlp.gov/GPO/gpo102752
=049  \\$aGPOO
=922  \\$aBatch-processed
=922  \\$aNIST-1$b20180815

