=LDR  01768nam  2200397Ia 45e0
=001  001076581
=003  OCoLC
=005  20180711120958.0
=008  161006s1965\\\\mdu\\\\\ob\\\f000\0\eng\d
=024  8\$aGOVPUB-C13-423d02117fc16c03dc713a63e575727c
=035  \\$a(OCoLC)959982682
=040  \\$aNBS$beng$erda$cNBS$dOCLCO$dOCLCF$dOCLCQ
=086  0\$aC 13.38:8987
=100  1\$aStonebraker, Gary K.
=245  12$aA study of the feasibility of development of computer based systems for semi-automated comparisons of building designs and regulatory code criteria :$ba computer-based code checking system /$cGary K. Stonebraker.
=264  \1$aGaithersburg, MD :$bU.S. Dept. of Commerce, National Institute of Standards and Technology,$c1965.
=300  \\$a1 online resource.
=336  \\$atext$btxt$2rdacontent
=337  \\$acomputer$bc$2rdamedia
=338  \\$aonline resource$bcr$2rdacarrier
=490  1\$aNBS report ;$v8987
=500  \\$a1965.
=500  \\$aContributed record: Metadata reviewed, not verified. Some fields updated by batch processes.
=500  \\$aTitle from PDF title page.
=504  \\$aIncludes bibliographical references.
=650  \0$aBuilding$xDetails$xData processing.
=650  \7$aBuilding$xDetails$xData processing.$2fast$0(OCoLC)fst00840572
=700  1\$aStonebraker, Gary K.
=710  1\$aUnited States.$bNational Bureau of Standards.
=830  \0$aNBS report ;$v8987.
=856  4\$uhttps://dx.doi.org/10.6028/NBS.RPT.8987
=856  4\$zAddress at time of PURL creation$uhttps://www.govinfo.gov/content/pkg/GOVPUB-C13-423d02117fc16c03dc713a63e575727c/pdf/GOVPUB-C13-423d02117fc16c03dc713a63e575727c.pdf
=856  40$uhttps://purl.fdlp.gov/GPO/gpo97145
=049  \\$aGPOO
=922  \\$aBatch-processed
=922  \\$aNIST-1$b20180815

