=LDR  01564nam  2200361Ia 45e0
=001  001076382
=003  OCoLC
=005  20180711120958.0
=008  161006s1965\\\\mdu\\\\\ob\\\f000\0\eng\d
=024  8\$aGOVPUB-C13-0eb61eefe94ec400502ed95683a44a18
=035  \\$a(OCoLC)959982674
=040  \\$aNBS$beng$erda$cNBS$dOCLCO$dOCLCQ
=086  0\$aC 13.38:9004
=110  1\$aUnited States.$bNational Bureau of Standards.
=245  10$aProgress report July 1 through September 30, 1965 :$bdevelopment of methods of test for quality control of porcelain enamels /$cNational Bureau of Standards.
=264  \1$aGaithersburg, MD :$bU.S. Dept. of Commerce, National Institute of Standards and Technology,$c1965.
=300  \\$a1 online resource.
=336  \\$atext$btxt$2rdacontent
=337  \\$acomputer$bc$2rdamedia
=338  \\$aonline resource$bcr$2rdacarrier
=490  1\$aNBS report ;$v9004
=500  \\$a1965.
=500  \\$aContributed record: Metadata reviewed, not verified. Some fields updated by batch processes.
=500  \\$aTitle from PDF title page.
=504  \\$aIncludes bibliographical references.
=710  1\$aUnited States.$bNational Bureau of Standards.
=830  \0$aNBS report ;$v9004.
=856  4\$uhttps://dx.doi.org/10.6028/NBS.RPT.9004
=856  4\$zAddress at time of PURL creation$uhttps://www.govinfo.gov/content/pkg/GOVPUB-C13-0eb61eefe94ec400502ed95683a44a18/pdf/GOVPUB-C13-0eb61eefe94ec400502ed95683a44a18.pdf
=856  40$uhttps://purl.fdlp.gov/GPO/gpo94957
=049  \\$aGPOO
=922  \\$aBatch-processed
=922  \\$aNIST-1$b20180815

