=LDR  01488nam  2200361Ia 45e0
=001  001076564
=003  OCoLC
=005  20180711120956.0
=008  161006s1965\\\\mdu\\\\\ob\\\f000\0\eng\d
=024  8\$aGOVPUB-C13-3bc8d0c354349e001043621d002937f2
=035  \\$a(OCoLC)959982542
=040  \\$aNBS$beng$erda$cNBS$dOCLCO$dOCLCQ
=086  0\$aC 13.38:8688
=110  1\$aUnited States.$bNational Bureau of Standards.
=245  10$aProgress report January 1 through March 31, 1965 /$cNational Bureau of Standards.
=264  \1$aGaithersburg, MD :$bU.S. Dept. of Commerce, National Institute of Standards and Technology,$c1965.
=300  \\$a1 online resource.
=336  \\$atext$btxt$2rdacontent
=337  \\$acomputer$bc$2rdamedia
=338  \\$aonline resource$bcr$2rdacarrier
=490  1\$aNBS report ;$v8688
=500  \\$a1965.
=500  \\$aContributed record: Metadata reviewed, not verified. Some fields updated by batch processes.
=500  \\$aTitle from PDF title page.
=504  \\$aIncludes bibliographical references.
=710  1\$aUnited States.$bNational Bureau of Standards.
=830  \0$aNBS report ;$v8688.
=856  4\$uhttps://dx.doi.org/10.6028/NBS.RPT.8688
=856  4\$zAddress at time of PURL creation$uhttps://www.govinfo.gov/content/pkg/GOVPUB-C13-3bc8d0c354349e001043621d002937f2/pdf/GOVPUB-C13-3bc8d0c354349e001043621d002937f2.pdf
=856  40$uhttps://purl.fdlp.gov/GPO/gpo96951
=049  \\$aGPOO
=922  \\$aBatch-processed
=922  \\$aNIST-1$b20180815

