=LDR  01609nam  2200397Ia 45e0
=001  001076583
=003  OCoLC
=005  20180711120958.0
=008  161006s1965\\\\mdu\\\\\ob\\\f000\0\eng\d
=024  8\$aGOVPUB-C13-427290dbbc18992a444f9650713afa30
=035  \\$a(OCoLC)959982658
=040  \\$aNBS$beng$erda$cNBS$dOCLCO$dOCLCQ
=086  0\$aC 13.38:8671
=100  1\$aVaishnav, M. P.
=245  10$aReview of fabric flammability test method :$ba progress report /$cM.P. Vaishnav, Marjorie W. Sandholzer.
=264  \1$aGaithersburg, MD :$bU.S. Dept. of Commerce, National Institute of Standards and Technology,$c1965.
=300  \\$a1 online resource.
=336  \\$atext$btxt$2rdacontent
=337  \\$acomputer$bc$2rdamedia
=338  \\$aonline resource$bcr$2rdacarrier
=490  1\$aNBS report ;$v8671
=500  \\$a1965.
=500  \\$aContributed record: Metadata reviewed, not verified. Some fields updated by batch processes.
=500  \\$aTitle from PDF title page.
=504  \\$aIncludes bibliographical references.
=650  \0$aTextile fabrics$xFlammability$xTesting.
=700  1\$aSandholzer, Marjorie W.
=700  1\$aVaishnav, M. P.
=710  1\$aUnited States.$bNational Bureau of Standards.
=830  \0$aNBS report ;$v8671.
=856  4\$uhttps://dx.doi.org/10.6028/NBS.RPT.8671
=856  4\$zAddress at time of PURL creation$uhttps://www.govinfo.gov/content/pkg/GOVPUB-C13-427290dbbc18992a444f9650713afa30/pdf/GOVPUB-C13-427290dbbc18992a444f9650713afa30.pdf
=856  40$uhttps://purl.fdlp.gov/GPO/gpo97150
=049  \\$aGPOO
=922  \\$aBatch-processed
=922  \\$aNIST-1$b20180815

