=LDR  01916nam  2200421Ia 45e0
=001  001076588
=003  OCoLC
=005  20180711121004.0
=008  170724s1965\\\\mdu\\\\\obt\\f000\0\eng\d
=019  \\$a959982673
=024  8\$aGOVPUB-C13-43799024e681fdf796512c9bf8a94234
=035  \\$a(OCoLC)994300725$z(OCoLC)959982673
=040  \\$aNBS$beng$erda$cNBS$dOCLCO$dOCLCQ$dOCLCO
=086  0\$aC 13.38:8938
=100  1\$aWyman, LeRoy L.
=245  10$aReport on Latin America travel :$bPart I - U.S. Agency for International Development (AID)-- Colombia Standards Institute Seminar Program, April 22, 1965 - June 12, 1965 Part II - Weights and measures activities, Colombia and Venezuela /$cLeRoy L. Wyman.
=264  \1$aGaithersburg, MD :$bU.S. Dept. of Commerce, National Institute of Standards and Technology,$c1965.
=300  \\$a1 online resource.
=336  \\$atext$btxt$2rdacontent
=337  \\$acomputer$bc$2rdamedia
=338  \\$aonline resource$bcr$2rdacarrier
=490  1\$aNBS report ;$v8938
=500  \\$aContributed record: Metadata reviewed, not verified. Some fields updated by batch processes.
=500  \\$aJune 30, 1965.
=500  \\$aTitle from PDF title page (viewed Febraury 22, 2017).
=504  \\$aIncludes bibliographical references.
=650  \0$aWeights and measures$vCongresses.
=650  \0$aWeights and measures$xStandardization.
=700  1\$aWyman, LeRoy L.
=710  2\$aNational Institute of Standards and Technology (U.S.)
=830  \0$aNBS report ;$v8938.
=856  4\$uhttps://doi.org/10.6028/NBS.RPT.8938
=856  4\$uhttps://dx.doi.org/10.6028/NBS.RPT.8938
=856  4\$zAddress at time of PURL creation$uhttps://www.govinfo.gov/content/pkg/GOVPUB-C13-43799024e681fdf796512c9bf8a94234/pdf/GOVPUB-C13-43799024e681fdf796512c9bf8a94234.pdf
=856  40$uhttps://purl.fdlp.gov/GPO/gpo97192
=049  \\$aGPOO
=922  \\$aBatch-processed
=922  \\$aNIST-1$b20180815

