=LDR  01686nam  2200397Ia 45e0
=001  001077039
=003  OCoLC
=005  20180711120959.0
=008  161006s1966\\\\mdu\\\\\ob\\\f000\0\eng\d
=024  8\$aGOVPUB-C13-bd4d7a883caa166bbfc686ee923210a3
=035  \\$a(OCoLC)959982718
=040  \\$aNBS$beng$erda$cNBS$dOCLCO$dOCLCF$dOCLCQ
=086  0\$aC 13.38:9324
=100  1\$aAchenbach, Paul R.
=245  10$aInvestigations of air-to-air heat pumps for military housing :$bpresented at the Annual Meeting of the Society of American Military Engineers /$cPaul R. Achenbach.
=264  \1$aGaithersburg, MD :$bU.S. Dept. of Commerce, National Institute of Standards and Technology,$c1966.
=300  \\$a1 online resource.
=336  \\$atext$btxt$2rdacontent
=337  \\$acomputer$bc$2rdamedia
=338  \\$aonline resource$bcr$2rdacarrier
=490  1\$aNBS report ;$v9324
=500  \\$a1966.
=500  \\$aContributed record: Metadata reviewed, not verified. Some fields updated by batch processes.
=500  \\$aTitle from PDF title page.
=504  \\$aIncludes bibliographical references.
=650  \0$aHeat pumps$xTesting.
=650  \7$aHeat pumps$xTesting.$2fast$0(OCoLC)fst00953943
=700  1\$aAchenbach, Paul R.
=710  1\$aUnited States.$bNational Bureau of Standards.
=830  \0$aNBS report ;$v9324.
=856  4\$uhttps://dx.doi.org/10.6028/NBS.RPT.9324
=856  4\$zAddress at time of PURL creation$uhttps://www.govinfo.gov/content/pkg/GOVPUB-C13-bd4d7a883caa166bbfc686ee923210a3/pdf/GOVPUB-C13-bd4d7a883caa166bbfc686ee923210a3.pdf
=856  40$uhttps://purl.fdlp.gov/GPO/gpo102410
=049  \\$aGPOO
=922  \\$aBatch-processed
=922  \\$aNIST-1$b20180815

