=LDR  01655nam  2200409Ia 45e0
=001  001076406
=003  OCoLC
=005  20180711120957.0
=008  161006s1966\\\\mdu\\\\\ob\\\f000\0\eng\d
=024  8\$aGOVPUB-C13-177172568d5ec31071a01ca20af93318
=035  \\$a(OCoLC)959982569
=040  \\$aNBS$beng$erda$cNBS$dOCLCO$dOCLCQ$dOCLCF
=086  0\$aC 13.38:9366
=100  1\$aArni, H. T.$q(Howard T.)
=245  10$aDusting of acoustical materials :$bfinal report /$cHoward T. Arni.
=264  \1$aGaithersburg, MD :$bU.S. Dept. of Commerce, National Institute of Standards and Technology,$c1966.
=300  \\$a1 online resource.
=336  \\$atext$btxt$2rdacontent
=337  \\$acomputer$bc$2rdamedia
=338  \\$aonline resource$bcr$2rdacarrier
=490  1\$aNBS report ;$v9366
=500  \\$a1966.
=500  \\$aContributed record: Metadata reviewed, not verified. Some fields updated by batch processes.
=500  \\$aTitle from PDF title page.
=504  \\$aIncludes bibliographical references.
=650  \0$aAcoustical materials$xTesting.
=650  \0$aAdhesion$xTesting.
=650  \7$aAcoustical materials$xTesting.$2fast$0(OCoLC)fst00795945
=700  1\$aArni, H. T.$q(Howard T.)
=710  1\$aUnited States.$bNational Bureau of Standards.
=830  \0$aNBS report ;$v9366.
=856  4\$uhttps://dx.doi.org/10.6028/NBS.RPT.9366
=856  4\$zAddress at time of PURL creation$uhttps://www.govinfo.gov/content/pkg/GOVPUB-C13-177172568d5ec31071a01ca20af93318/pdf/GOVPUB-C13-177172568d5ec31071a01ca20af93318.pdf
=856  40$uhttps://purl.fdlp.gov/GPO/gpo95426
=049  \\$aGPOO
=922  \\$aBatch-processed
=922  \\$aNIST-1$b20180815

