=LDR  01562nam  2200397Ia 45e0
=001  001077236
=003  OCoLC
=005  20180711120952.0
=008  161006s1966\\\\mdu\\\\\ob\\\f000\0\eng\d
=024  8\$aGOVPUB-C13-ea783e262bf1cfee8b5f477ac85a71fb
=035  \\$a(OCoLC)959981934
=040  \\$aNBS$beng$erda$cNBS$dOCLCO$dOCLCQ
=086  0\$aC 13.38:9381
=100  1\$aBoone, Thomas.
=245  10$aExposure of new roofing systems /$cThomas Boone, H. William Cullen.
=264  \1$aGaithersburg, MD :$bU.S. Dept. of Commerce, National Institute of Standards and Technology,$c1966.
=300  \\$a1 online resource.
=336  \\$atext$btxt$2rdacontent
=337  \\$acomputer$bc$2rdamedia
=338  \\$aonline resource$bcr$2rdacarrier
=490  1\$aNBS report ;$v9381
=500  \\$a1966.
=500  \\$aContributed record: Metadata reviewed, not verified. Some fields updated by batch processes.
=500  \\$aTitle from PDF title page.
=504  \\$aIncludes bibliographical references.
=650  \0$aRoofing$xService life$xTesting.
=700  1\$aBoone, Thomas.
=700  1\$aCullen, H., William C.
=710  1\$aUnited States.$bNational Bureau of Standards.
=830  \0$aNBS report ;$v9381.
=856  4\$uhttps://dx.doi.org/10.6028/NBS.RPT.9381
=856  4\$zAddress at time of PURL creation$uhttps://www.govinfo.gov/content/pkg/GOVPUB-C13-ea783e262bf1cfee8b5f477ac85a71fb/pdf/GOVPUB-C13-ea783e262bf1cfee8b5f477ac85a71fb.pdf
=856  40$uhttps://purl.fdlp.gov/GPO/gpo104555
=049  \\$aGPOO
=922  \\$aBatch-processed
=922  \\$aNIST-1$b20180815

