=LDR  01681nam  2200409Ia 45e0
=001  001076585
=003  OCoLC
=005  20180711120959.0
=008  161006s1966\\\\mdu\\\\\ob\\\f000\0\eng\d
=024  8\$aGOVPUB-C13-42a19539ab945144eff078b2cf999618
=035  \\$a(OCoLC)959982713
=040  \\$aNBS$beng$erda$cNBS$dOCLCO$dOCLCQ$dOCLCF
=086  0\$aC 13.38:9304
=100  1\$aBoone, Thomas H.
=245  10$aRoofing research :$bpresented at the Annual Meeting of the Society of American Military Engineers /$cThomas H. Boone.
=264  \1$aGaithersburg, MD :$bU.S. Dept. of Commerce, National Institute of Standards and Technology,$c1966.
=300  \\$a1 online resource.
=336  \\$atext$btxt$2rdacontent
=337  \\$acomputer$bc$2rdamedia
=338  \\$aonline resource$bcr$2rdacarrier
=490  1\$aNBS report ;$v9304
=500  \\$a1966.
=500  \\$aContributed record: Metadata reviewed, not verified. Some fields updated by batch processes.
=500  \\$aTitle from PDF title page.
=504  \\$aIncludes bibliographical references.
=650  \0$aRoofing$xDesign and construction.
=650  \0$aRoofing$xResearch.
=650  \7$aRoofing$xResearch.$2fast$0(OCoLC)fst01100280
=700  1\$aBoone, Thomas H.
=710  1\$aUnited States.$bNational Bureau of Standards.
=830  \0$aNBS report ;$v9304.
=856  4\$uhttps://dx.doi.org/10.6028/NBS.RPT.9304
=856  4\$zAddress at time of PURL creation$uhttps://www.govinfo.gov/content/pkg/GOVPUB-C13-42a19539ab945144eff078b2cf999618/pdf/GOVPUB-C13-42a19539ab945144eff078b2cf999618.pdf
=856  40$uhttps://purl.fdlp.gov/GPO/gpo97157
=049  \\$aGPOO
=922  \\$aBatch-processed
=922  \\$aNIST-1$b20180815

