=LDR  01619nam  2200397Ia 45e0
=001  001076837
=003  OCoLC
=005  20180711120953.0
=008  161006s1966\\\\mdu\\\\\ob\\\f000\0\eng\d
=024  8\$aGOVPUB-C13-834ea7724b1574775f32f7041c59df0d
=035  \\$a(OCoLC)959982361
=040  \\$aNBS$beng$erda$cNBS$dOCLCO$dOCLCQ
=086  0\$aC 13.38:9033
=100  1\$aBryson, James.
=245  10$aEffect of age difference of elements and long term storage on the flexural behavior of split beams /$cJ.O. Bryson, L.F. Skoda.
=264  \1$aGaithersburg, MD :$bU.S. Dept. of Commerce, National Institute of Standards and Technology,$c1966.
=300  \\$a1 online resource.
=336  \\$atext$btxt$2rdacontent
=337  \\$acomputer$bc$2rdamedia
=338  \\$aonline resource$bcr$2rdacarrier
=490  1\$aNBS report ;$v9033
=500  \\$a1966.
=500  \\$aContributed record: Metadata reviewed, not verified. Some fields updated by batch processes.
=500  \\$aTitle from PDF title page.
=504  \\$aIncludes bibliographical references.
=650  \0$aGirders$xStrength of materials$xTesting.
=700  1\$aBryson, James.
=700  1\$aSkoda, L. F.
=710  1\$aUnited States.$bNational Bureau of Standards.
=830  \0$aNBS report ;$v9033.
=856  4\$uhttps://dx.doi.org/10.6028/NBS.RPT.9033
=856  4\$zAddress at time of PURL creation$uhttps://www.govinfo.gov/content/pkg/GOVPUB-C13-834ea7724b1574775f32f7041c59df0d/pdf/GOVPUB-C13-834ea7724b1574775f32f7041c59df0d.pdf
=856  40$uhttps://purl.fdlp.gov/GPO/gpo99953
=049  \\$aGPOO
=922  \\$aBatch-processed
=922  \\$aNIST-1$b20180815

