=LDR  01915nam  2200457Ia 45e0
=001  001076579
=003  OCoLC
=005  20180711120959.0
=008  161006s1966\\\\mdu\\\\\ob\\\f000\0\eng\d
=024  8\$aGOVPUB-C13-41cf6ab71eb26f888fc45aa77ba5169c
=035  \\$a(OCoLC)959982702
=040  \\$aNBS$beng$erda$cNBS$dOCLCO$dOCLCQ$dOCLCO$dOCLCF
=086  0\$aC 13.38:9356
=100  1\$aCullen, William C.
=245  10$aThermal-shock resistance for bituminous built-up roofing membranes :$bits relation to service life /$cWilliam C. Cullen, Thomas H. Boone.
=264  \1$aGaithersburg, MD :$bU.S. Dept. of Commerce, National Institute of Standards and Technology,$c1966.
=300  \\$a1 online resource.
=336  \\$atext$btxt$2rdacontent
=337  \\$acomputer$bc$2rdamedia
=338  \\$aonline resource$bcr$2rdacarrier
=490  1\$aNBS report ;$v9356
=500  \\$a1966.
=500  \\$aContributed record: Metadata reviewed, not verified. Some fields updated by batch processes.
=500  \\$aTitle from PDF title page.
=504  \\$aIncludes bibliographical references.
=650  \0$aBituminous materials$xTesting.
=650  \0$aRoofing$xService life$xTesting.
=650  \7$aBituminous materials$xTesting.$2fast$0(OCoLC)fst00833519
=650  \7$aRoofing$xTesting.$2fast$0(OCoLC)fst01100284
=651  \0$aGuam$xRoofing$xTesting.
=651  \7$aGuam.$2fast$0(OCoLC)fst01202671
=700  1\$aBoone, Thomas H.
=700  1\$aCullen, William C.
=710  1\$aUnited States.$bNational Bureau of Standards.
=830  \0$aNBS report ;$v9356.
=856  4\$uhttps://dx.doi.org/10.6028/NBS.RPT.9356
=856  4\$zAddress at time of PURL creation$uhttps://www.govinfo.gov/content/pkg/GOVPUB-C13-41cf6ab71eb26f888fc45aa77ba5169c/pdf/GOVPUB-C13-41cf6ab71eb26f888fc45aa77ba5169c.pdf
=856  40$uhttps://purl.fdlp.gov/GPO/gpo97133
=049  \\$aGPOO
=922  \\$aBatch-processed
=922  \\$aNIST-1$b20180815

