=LDR  01638nam  2200397Ia 45e0
=001  001076740
=003  OCoLC
=005  20180711120953.0
=008  161006s1966\\\\mdu\\\\\ob\\\f000\0\eng\d
=024  8\$aGOVPUB-C13-67c08f52d15520b4edc29d39f27ec992
=035  \\$a(OCoLC)959982358
=040  \\$aNBS$beng$erda$cNBS$dOCLCO$dOCLCQ
=086  0\$aC 13.38:9387
=100  1\$aFlynn, Daniel R.
=245  10$aMeasurements of the thermal conductivity and electrical resistivity of platinum from 373 to 1373 degrees K /$cD.R. Flynn, M.E. O'Hagan.
=264  \1$aGaithersburg, MD :$bU.S. Dept. of Commerce, National Institute of Standards and Technology,$c1966.
=300  \\$a1 online resource.
=336  \\$atext$btxt$2rdacontent
=337  \\$acomputer$bc$2rdamedia
=338  \\$aonline resource$bcr$2rdacarrier
=490  1\$aNBS report ;$v9387
=500  \\$a1966.
=500  \\$aContributed record: Metadata reviewed, not verified. Some fields updated by batch processes.
=500  \\$aTitle from PDF title page.
=504  \\$aIncludes bibliographical references.
=650  \0$aPlatinum$xThermal conductivity$xMeasurement.
=700  1\$aFlynn, Daniel R.
=700  1\$aO'Hagan, M. E.
=710  1\$aUnited States.$bNational Bureau of Standards.
=830  \0$aNBS report ;$v9387.
=856  4\$uhttps://dx.doi.org/10.6028/NBS.RPT.9387
=856  4\$zAddress at time of PURL creation$uhttps://www.govinfo.gov/content/pkg/GOVPUB-C13-67c08f52d15520b4edc29d39f27ec992/pdf/GOVPUB-C13-67c08f52d15520b4edc29d39f27ec992.pdf
=856  40$uhttps://purl.fdlp.gov/GPO/gpo98855
=049  \\$aGPOO
=922  \\$aBatch-processed
=922  \\$aNIST-1$b20180815

