=LDR  01675nam  2200397Ia 45e0
=001  001076673
=003  OCoLC
=005  20180711120959.0
=008  161006s1966\\\\mdu\\\\\ob\\\f000\0\eng\d
=024  8\$aGOVPUB-C13-56052f8dbd0b66b1f50ad38643043d46
=035  \\$a(OCoLC)959982717
=040  \\$aNBS$beng$erda$cNBS$dOCLCO$dOCLCF$dOCLCQ
=086  0\$aC 13.38:9323
=100  1\$aFoster, Bruce E.
=245  10$aProblems in development of performance standards :$bpresented at the Annual Meeting of the Society of American Military Engineers /$cBruce E. Foster.
=264  \1$aGaithersburg, MD :$bU.S. Dept. of Commerce, National Institute of Standards and Technology,$c1966.
=300  \\$a1 online resource.
=336  \\$atext$btxt$2rdacontent
=337  \\$acomputer$bc$2rdamedia
=338  \\$aonline resource$bcr$2rdacarrier
=490  1\$aNBS report ;$v9323
=500  \\$a1966.
=500  \\$aContributed record: Metadata reviewed, not verified. Some fields updated by batch processes.
=500  \\$aTitle from PDF title page.
=504  \\$aIncludes bibliographical references.
=650  \0$aArchitecture.
=650  \7$aBuildings$xDesign and construction.$2fast$0(OCoLC)fst01352153
=700  1\$aFoster, Bruce E.
=710  1\$aUnited States.$bNational Bureau of Standards.
=830  \0$aNBS report ;$v9323.
=856  4\$uhttps://dx.doi.org/10.6028/NBS.RPT.9323
=856  4\$zAddress at time of PURL creation$uhttps://www.govinfo.gov/content/pkg/GOVPUB-C13-56052f8dbd0b66b1f50ad38643043d46/pdf/GOVPUB-C13-56052f8dbd0b66b1f50ad38643043d46.pdf
=856  40$uhttps://purl.fdlp.gov/GPO/gpo98039
=049  \\$aGPOO
=922  \\$aBatch-processed
=922  \\$aNIST-1$b20180815

