=LDR  01554nam  2200397Ia 45e0
=001  001076354
=003  OCoLC
=005  20180711120959.0
=008  161006s1966\\\\mdu\\\\\ob\\\f000\0\eng\d
=024  8\$aGOVPUB-C13-06645cf7d787d399a5bfd0f66a0bb6bf
=035  \\$a(OCoLC)959982742
=040  \\$aNBS$beng$erda$cNBS$dOCLCO$dOCLCQ
=086  0\$aC 13.38:9426
=100  1\$aGreenfeld, Sidney H.
=245  10$aSaturating organic felts /$cSidney H. Greenfeld.
=264  \1$aGaithersburg, MD :$bU.S. Dept. of Commerce, National Institute of Standards and Technology,$c1966.
=300  \\$a1 online resource.
=336  \\$atext$btxt$2rdacontent
=337  \\$acomputer$bc$2rdamedia
=338  \\$aonline resource$bcr$2rdacarrier
=490  1\$aNBS report ;$v9426
=500  \\$a1966.
=500  \\$aContributed record: Metadata reviewed, not verified. Some fields updated by batch processes.
=500  \\$aTitle from PDF title page.
=504  \\$aIncludes bibliographical references.
=650  \0$aAsphalt$xViscosity$xTesting.
=650  \0$aFelt$xViscosity$xTesting.
=700  1\$aGreenfeld, Sidney H.
=710  1\$aUnited States.$bNational Bureau of Standards.
=830  \0$aNBS report ;$v9426.
=856  4\$uhttps://dx.doi.org/10.6028/NBS.RPT.9426
=856  4\$zAddress at time of PURL creation$uhttps://www.govinfo.gov/content/pkg/GOVPUB-C13-06645cf7d787d399a5bfd0f66a0bb6bf/pdf/GOVPUB-C13-06645cf7d787d399a5bfd0f66a0bb6bf.pdf
=856  40$uhttps://purl.fdlp.gov/GPO/gpo94519
=049  \\$aGPOO
=922  \\$aBatch-processed
=922  \\$aNIST-1$b20180815

