=LDR  01619nam  2200397Ia 45e0
=001  001076539
=003  OCoLC
=005  20180711120954.0
=008  161006s1966\\\\mdu\\\\\ob\\\f000\0\eng\d
=024  8\$aGOVPUB-C13-36523e4def0853025deced2b1a5131d7
=035  \\$a(OCoLC)959982382
=040  \\$aNBS$beng$erda$cNBS$dOCLCO$dOCLCF$dOCLCQ
=086  0\$aC 13.38:9026
=100  1\$aGross, Daniel.
=245  10$aDwelling unit burnout tests in Pratt Institute test building /$cDaniel Gross.
=264  \1$aGaithersburg, MD :$bU.S. Dept. of Commerce, National Institute of Standards and Technology,$c1966.
=300  \\$a1 online resource.
=336  \\$atext$btxt$2rdacontent
=337  \\$acomputer$bc$2rdamedia
=338  \\$aonline resource$bcr$2rdacarrier
=490  1\$aNBS report ;$v9026
=500  \\$a1966.
=500  \\$aContributed record: Metadata reviewed, not verified. Some fields updated by batch processes.
=500  \\$aTitle from PDF title page.
=504  \\$aIncludes bibliographical references.
=650  \0$aBuilding$xDesign and construction.
=650  \7$aBuilding$xDesign and construction.$2fast$0(OCoLC)fst00840570
=700  1\$aGross, Daniel.
=710  1\$aUnited States.$bNational Bureau of Standards.
=830  \0$aNBS report ;$v9026.
=856  4\$uhttps://dx.doi.org/10.6028/NBS.RPT.9026
=856  4\$zAddress at time of PURL creation$uhttps://www.govinfo.gov/content/pkg/GOVPUB-C13-36523e4def0853025deced2b1a5131d7/pdf/GOVPUB-C13-36523e4def0853025deced2b1a5131d7.pdf
=856  40$uhttps://purl.fdlp.gov/GPO/gpo96635
=049  \\$aGPOO
=922  \\$aBatch-processed
=922  \\$aNIST-1$b20180815

