=LDR  01555nam  2200397Ia 45e0
=001  001076653
=003  OCoLC
=005  20180711120958.0
=008  161006s1966\\\\mdu\\\\\ob\\\f000\0\eng\d
=024  8\$aGOVPUB-C13-51b8ff5ef9c76f880debc4bd29f2a7cb
=035  \\$a(OCoLC)959982676
=040  \\$aNBS$beng$erda$cNBS$dOCLCO$dOCLCQ
=086  0\$aC 13.38:9067
=100  1\$aGross, Daniel.
=245  10$aSmoke produced by burning aircraft finish materials /$cDaniel Gross, T.G. Lee, J.J. Loftus.
=264  \1$aGaithersburg, MD :$bU.S. Dept. of Commerce, National Institute of Standards and Technology,$c1966.
=300  \\$a1 online resource.
=336  \\$atext$btxt$2rdacontent
=337  \\$acomputer$bc$2rdamedia
=338  \\$aonline resource$bcr$2rdacarrier
=490  1\$aNBS report ;$v9067
=500  \\$a1966.
=500  \\$aContributed record: Metadata reviewed, not verified. Some fields updated by batch processes.
=500  \\$aTitle from PDF title page.
=504  \\$aIncludes bibliographical references.
=700  1\$aGross, Daniel.
=700  1\$aLee, T. G.
=700  1\$aLoftus, J. J.
=710  1\$aUnited States.$bNational Bureau of Standards.
=830  \0$aNBS report ;$v9067.
=856  4\$uhttps://dx.doi.org/10.6028/NBS.RPT.9067
=856  4\$zAddress at time of PURL creation$uhttps://www.govinfo.gov/content/pkg/GOVPUB-C13-51b8ff5ef9c76f880debc4bd29f2a7cb/pdf/GOVPUB-C13-51b8ff5ef9c76f880debc4bd29f2a7cb.pdf
=856  40$uhttps://purl.fdlp.gov/GPO/gpo97882
=049  \\$aGPOO
=922  \\$aBatch-processed
=922  \\$aNIST-1$b20180815

