=LDR  01672nam  2200397Ia 45e0
=001  001077167
=003  OCoLC
=005  20180711120959.0
=008  161006s1966\\\\mdu\\\\\ob\\\f000\0\eng\d
=024  8\$aGOVPUB-C13-da204ebe28ccff10f8908dd217654e42
=035  \\$a(OCoLC)959982734
=040  \\$aNBS$beng$erda$cNBS$dOCLCO$dOCLCF$dOCLCQ
=086  0\$aC 13.38:9403
=100  1\$aHunt, Charles M.
=245  10$aPerformance test of an M-104 glass fiber renewable filter media :$bmanufactured by American Air Filter Company Louisville, Kentucky /$cCharles M. Hunt.
=264  \1$aGaithersburg, MD :$bU.S. Dept. of Commerce, National Institute of Standards and Technology,$c1966.
=300  \\$a1 online resource.
=336  \\$atext$btxt$2rdacontent
=337  \\$acomputer$bc$2rdamedia
=338  \\$aonline resource$bcr$2rdacarrier
=490  1\$aNBS report ;$v9403
=500  \\$a1966.
=500  \\$aContributed record: Metadata reviewed, not verified. Some fields updated by batch processes.
=500  \\$aTitle from PDF title page.
=504  \\$aIncludes bibliographical references.
=650  \0$aAir filters$xTesting.
=650  \7$aAir filters$xTesting.$2fast$0(OCoLC)fst00802369
=700  1\$aHunt, Charles M.
=710  1\$aUnited States.$bNational Bureau of Standards.
=830  \0$aNBS report ;$v9403.
=856  4\$uhttps://dx.doi.org/10.6028/NBS.RPT.9403
=856  4\$zAddress at time of PURL creation$uhttps://www.govinfo.gov/content/pkg/GOVPUB-C13-da204ebe28ccff10f8908dd217654e42/pdf/GOVPUB-C13-da204ebe28ccff10f8908dd217654e42.pdf
=856  40$uhttps://purl.fdlp.gov/GPO/gpo103826
=049  \\$aGPOO
=922  \\$aBatch-processed
=922  \\$aNIST-1$b20180815

