=LDR  01600nam  2200397Ia 45e0
=001  001077289
=003  OCoLC
=005  20180711120959.0
=008  161006s1966\\\\mdu\\\\\ob\\\f000\0\eng\d
=024  8\$aGOVPUB-C13-fa1d5a433b2379d2cc0a4f0a69a39dcd
=035  \\$a(OCoLC)959982719
=040  \\$aNBS$beng$erda$cNBS$dOCLCO$dOCLCF$dOCLCQ
=086  0\$aC 13.38:9332
=100  1\$aHunt, Charles M.
=245  10$aPerformance test of model HP-2A dry type replaceable filter /$cCharles M. Hunt.
=264  \1$aGaithersburg, MD :$bU.S. Dept. of Commerce, National Institute of Standards and Technology,$c1966.
=300  \\$a1 online resource.
=336  \\$atext$btxt$2rdacontent
=337  \\$acomputer$bc$2rdamedia
=338  \\$aonline resource$bcr$2rdacarrier
=490  1\$aNBS report ;$v9332
=500  \\$a1966.
=500  \\$aContributed record: Metadata reviewed, not verified. Some fields updated by batch processes.
=500  \\$aTitle from PDF title page.
=504  \\$aIncludes bibliographical references.
=650  \0$aAir filters$xTesting.
=650  \7$aAir filters$xTesting.$2fast$0(OCoLC)fst00802369
=700  1\$aHunt, Charles M.
=710  1\$aUnited States.$bNational Bureau of Standards.
=830  \0$aNBS report ;$v9332.
=856  4\$uhttps://dx.doi.org/10.6028/NBS.RPT.9332
=856  4\$zAddress at time of PURL creation$uhttps://www.govinfo.gov/content/pkg/GOVPUB-C13-fa1d5a433b2379d2cc0a4f0a69a39dcd/pdf/GOVPUB-C13-fa1d5a433b2379d2cc0a4f0a69a39dcd.pdf
=856  40$uhttps://purl.fdlp.gov/GPO/gpo105187
=049  \\$aGPOO
=922  \\$aBatch-processed
=922  \\$aNIST-1$b20180815

