=LDR  01703nam  2200409Ia 45e0
=001  001076393
=003  OCoLC
=005  20180711120952.0
=008  161006s1966\\\\mdu\\\\\ob\\\f000\0\eng\d
=024  8\$aGOVPUB-C13-142387ebb7c79beae2c9237430e195e3
=035  \\$a(OCoLC)959981933
=040  \\$aNBS$beng$erda$cNBS$dOCLCO$dOCLCQ
=086  0\$aC 13.38:9378
=100  1\$aPhillips, C. W.$q(Clinton Woodward),$d1919-
=245  10$aDevelopment of a method for testing and rating the cooling load of refrigerated truck bodies /$cC.W. Phillips, R.W. Penney.
=264  \1$aGaithersburg, MD :$bU.S. Dept. of Commerce, National Institute of Standards and Technology,$c1966.
=300  \\$a1 online resource.
=336  \\$atext$btxt$2rdacontent
=337  \\$acomputer$bc$2rdamedia
=338  \\$aonline resource$bcr$2rdacarrier
=490  1\$aNBS report ;$v9378
=500  \\$a1966.
=500  \\$aContributed record: Metadata reviewed, not verified. Some fields updated by batch processes.
=500  \\$aTitle from PDF title page.
=504  \\$aIncludes bibliographical references.
=650  \0$aCooling load$xTesting.
=650  \0$aRefrigerated trucks$xTesting.
=700  1\$aPenney, R. W.
=700  1\$aPhillips, C. W.$q(Clinton Woodward),$d1919-
=710  1\$aUnited States.$bNational Bureau of Standards.
=830  \0$aNBS report ;$v9378.
=856  4\$uhttps://dx.doi.org/10.6028/NBS.RPT.9378
=856  4\$zAddress at time of PURL creation$uhttps://www.govinfo.gov/content/pkg/GOVPUB-C13-142387ebb7c79beae2c9237430e195e3/pdf/GOVPUB-C13-142387ebb7c79beae2c9237430e195e3.pdf
=856  40$uhttps://purl.fdlp.gov/GPO/gpo95241
=049  \\$aGPOO
=922  \\$aBatch-processed
=922  \\$aNIST-1$b20180815

