=LDR  01610nam  2200385Ia 45e0
=001  001077246
=003  OCoLC
=005  20180711120959.0
=008  161006s1966\\\\mdu\\\\\ob\\\f000\0\eng\d
=024  8\$aGOVPUB-C13-eda6740a06120a3706bf0f31b4c17f68
=035  \\$a(OCoLC)959982715
=040  \\$aNBS$beng$erda$cNBS$dOCLCO$dOCLCQ
=086  0\$aC 13.38:9308
=100  1\$aPitts, Joseph W.
=245  10$aGalvanic corrosion of metals in cementing materials :$bpresented at the Annual Meeting of the Society of American Military Engineers /$cJoseph W. Pitts.
=264  \1$aGaithersburg, MD :$bU.S. Dept. of Commerce, National Institute of Standards and Technology,$c1966.
=300  \\$a1 online resource.
=336  \\$atext$btxt$2rdacontent
=337  \\$acomputer$bc$2rdamedia
=338  \\$aonline resource$bcr$2rdacarrier
=490  1\$aNBS report ;$v9308
=500  \\$a1966.
=500  \\$aContributed record: Metadata reviewed, not verified. Some fields updated by batch processes.
=500  \\$aTitle from PDF title page.
=504  \\$aIncludes bibliographical references.
=650  \0$aConcrete$xCorrosion$xTesting.
=700  1\$aPitts, Joseph W.
=710  1\$aUnited States.$bNational Bureau of Standards.
=830  \0$aNBS report ;$v9308.
=856  4\$uhttps://dx.doi.org/10.6028/NBS.RPT.9308
=856  4\$zAddress at time of PURL creation$uhttps://www.govinfo.gov/content/pkg/GOVPUB-C13-eda6740a06120a3706bf0f31b4c17f68/pdf/GOVPUB-C13-eda6740a06120a3706bf0f31b4c17f68.pdf
=856  40$uhttps://purl.fdlp.gov/GPO/gpo104691
=049  \\$aGPOO
=922  \\$aBatch-processed
=922  \\$aNIST-1$b20180815

