=LDR  01741nam  2200409Ia 45e0
=001  001077282
=003  OCoLC
=005  20180711120959.0
=008  161006s1966\\\\mdu\\\\\ob\\\f000\0\eng\d
=024  8\$aGOVPUB-C13-f90f3f4032f5a424c6f01fe88fc87d80
=035  \\$a(OCoLC)959982716
=040  \\$aNBS$beng$erda$cNBS$dOCLCO$dOCLCQ$dOCLCF$dOCL
=086  0\$aC 13.38:9309
=100  1\$aPowell, Frank J.
=245  10$aThermal insulation in buildings :$bpreprint for the May 23, 1966 meeting of the Society of American Military Engineers at the National Bureau of Standards, Gaithersburg, Maryland /$cFrank J. Powell.
=264  \1$aGaithersburg, MD :$bU.S. Dept. of Commerce, National Institute of Standards and Technology,$c1966.
=300  \\$a1 online resource.
=336  \\$atext$btxt$2rdacontent
=337  \\$acomputer$bc$2rdamedia
=338  \\$aonline resource$bcr$2rdacarrier
=490  1\$aNBS report ;$v9309
=500  \\$a1966.
=500  \\$aContributed record: Metadata reviewed, not verified. Some fields updated by batch processes.
=500  \\$aTitle from PDF title page.
=504  \\$aIncludes bibliographical references.
=650  \0$aHeating.
=650  \0$aInsulation (Heat)
=650  \7$aInsulation (Heat)$2fast$0(OCoLC)fst00974462
=700  1\$aPowell, Frank J.
=710  1\$aUnited States.$bNational Bureau of Standards.
=830  \0$aNBS report ;$v9309.
=856  4\$uhttps://dx.doi.org/10.6028/NBS.RPT.9309
=856  4\$zAddress at time of PURL creation$uhttps://www.govinfo.gov/content/pkg/GOVPUB-C13-f90f3f4032f5a424c6f01fe88fc87d80/pdf/GOVPUB-C13-f90f3f4032f5a424c6f01fe88fc87d80.pdf
=856  40$uhttps://purl.fdlp.gov/GPO/gpo105141
=049  \\$aGPOO
=922  \\$aBatch-processed
=922  \\$aNIST-1$b20180815

