=LDR  01785nam  2200421Ia 45e0
=001  001076600
=003  OCoLC
=005  20180711120959.0
=008  161006s1966\\\\mdu\\\\\ob\\\f000\0\eng\d
=024  8\$aGOVPUB-C13-45563c23ce626e8621f217b6579bf846
=035  \\$a(OCoLC)959982745
=040  \\$aNBS$beng$erda$cNBS$dOCLCO$dOCLCF$dOCLCQ
=086  0\$aC 13.38:9462
=100  1\$aRushmer, Margaret A.$q(Margaret Ann)
=245  10$a1964 Exposure test of porcelain enamels on aluminum :$bprogress report, one-year report /$cMargaret A. Rushmer.
=264  \1$aGaithersburg, MD :$bU.S. Dept. of Commerce, National Institute of Standards and Technology,$c1966.
=300  \\$a1 online resource.
=336  \\$atext$btxt$2rdacontent
=337  \\$acomputer$bc$2rdamedia
=338  \\$aonline resource$bcr$2rdacarrier
=490  1\$aNBS report ;$v9462
=500  \\$a1966.
=500  \\$aContributed record: Metadata reviewed, not verified. Some fields updated by batch processes.
=500  \\$aTitle from PDF title page.
=504  \\$aIncludes bibliographical references.
=650  \0$aAluminum$xTesting.
=650  \0$aEnamel and enameling$xTesting.
=650  \7$aAluminum$xTesting.$2fast$0(OCoLC)fst00806304
=650  \7$aEnamel and enameling$xTesting.$2fast$0(OCoLC)fst00909457
=700  1\$aRushmer, Margaret A.$q(Margaret Ann)
=710  1\$aUnited States.$bNational Bureau of Standards.
=830  \0$aNBS report ;$v9462.
=856  4\$uhttps://dx.doi.org/10.6028/NBS.RPT.9462
=856  4\$zAddress at time of PURL creation$uhttps://www.govinfo.gov/content/pkg/GOVPUB-C13-45563c23ce626e8621f217b6579bf846/pdf/GOVPUB-C13-45563c23ce626e8621f217b6579bf846.pdf
=856  40$uhttps://purl.fdlp.gov/GPO/gpo97262
=049  \\$aGPOO
=922  \\$aBatch-processed
=922  \\$aNIST-1$b20180815

