=LDR  01535nam  2200385Ia 45e0
=001  001076606
=003  OCoLC
=005  20180711120953.0
=008  161006s1966\\\\mdu\\\\\ob\\\f000\0\eng\d
=024  8\$aGOVPUB-C13-4654a7b196400dbcfea533be15625aec
=035  \\$a(OCoLC)959982360
=040  \\$aNBS$beng$erda$cNBS$dOCLCO$dOCLCQ
=086  0\$aC 13.38:9395
=100  1\$aRyan, J. V.$q(James V.)
=245  10$aFire tests on two SCA brick wall column :$breport /$cJames V. Ryan.
=264  \1$aGaithersburg, MD :$bU.S. Dept. of Commerce, National Institute of Standards and Technology,$c1966.
=300  \\$a1 online resource.
=336  \\$atext$btxt$2rdacontent
=337  \\$acomputer$bc$2rdamedia
=338  \\$aonline resource$bcr$2rdacarrier
=490  1\$aNBS report ;$v9395
=500  \\$a1966.
=500  \\$aContributed record: Metadata reviewed, not verified. Some fields updated by batch processes.
=500  \\$aTitle from PDF title page.
=504  \\$aIncludes bibliographical references.
=650  \0$aBrick walls$xFire testing.
=700  1\$aRyan, J. V.$q(James V.)
=710  1\$aUnited States.$bNational Bureau of Standards.
=830  \0$aNBS report ;$v9395.
=856  4\$uhttps://dx.doi.org/10.6028/NBS.RPT.9395
=856  4\$zAddress at time of PURL creation$uhttps://www.govinfo.gov/content/pkg/GOVPUB-C13-4654a7b196400dbcfea533be15625aec/pdf/GOVPUB-C13-4654a7b196400dbcfea533be15625aec.pdf
=856  40$uhttps://purl.fdlp.gov/GPO/gpo97299
=049  \\$aGPOO
=922  \\$aBatch-processed
=922  \\$aNIST-1$b20180815

