=LDR  01594nam  2200373Ia 45e0
=001  001076789
=003  OCoLC
=005  20180711120959.0
=008  161006s1966\\\\mdu\\\\\ob\\\f000\0\eng\d
=024  8\$aGOVPUB-C13-752e5cc51ed7ab66a5de4e0662fb8cb6
=035  \\$a(OCoLC)959982714
=040  \\$aNBS$beng$erda$cNBS$dOCLCO$dOCLCQ
=086  0\$aC 13.38:9307
=100  1\$aRyan, J. V.$q(James V.)
=245  10$aFire protection materials and structures :$bprepared for distribution at 46th Annual Meeting of The Society of American Military Engineers May 23, 1966 /$cJames V. Ryan.
=264  \1$aGaithersburg, MD :$bU.S. Dept. of Commerce, National Institute of Standards and Technology,$c1966.
=300  \\$a1 online resource.
=336  \\$atext$btxt$2rdacontent
=337  \\$acomputer$bc$2rdamedia
=338  \\$aonline resource$bcr$2rdacarrier
=490  1\$aNBS report ;$v9307
=500  \\$a1966.
=500  \\$aContributed record: Metadata reviewed, not verified. Some fields updated by batch processes.
=500  \\$aTitle from PDF title page.
=504  \\$aIncludes bibliographical references.
=700  1\$aRyan, J. V.$q(James V.)
=710  1\$aUnited States.$bNational Bureau of Standards.
=830  \0$aNBS report ;$v9307.
=856  4\$uhttps://dx.doi.org/10.6028/NBS.RPT.9307
=856  4\$zAddress at time of PURL creation$uhttps://www.govinfo.gov/content/pkg/GOVPUB-C13-752e5cc51ed7ab66a5de4e0662fb8cb6/pdf/GOVPUB-C13-752e5cc51ed7ab66a5de4e0662fb8cb6.pdf
=856  40$uhttps://purl.fdlp.gov/GPO/gpo99380
=049  \\$aGPOO
=922  \\$aBatch-processed
=922  \\$aNIST-1$b20180815

