=LDR  01604nam  2200397Ia 45e0
=001  001076946
=003  OCoLC
=005  20180711120957.0
=008  161006s1966\\\\mdu\\\\\ob\\\f000\0\eng\d
=024  8\$aGOVPUB-C13-a4a63a0dc1cb718b649e834fc424114b
=035  \\$a(OCoLC)959982568
=040  \\$aNBS$beng$erda$cNBS$dOCLCO$dOCLCF$dOCLCQ
=086  0\$aC 13.38:9362
=100  1\$aRyan, J. V.$q(James V.)
=245  10$aMeeting of ISO/92 on fire tests :$breport /$cJames V. Ryan.
=264  \1$aGaithersburg, MD :$bU.S. Dept. of Commerce, National Institute of Standards and Technology,$c1966.
=300  \\$a1 online resource.
=336  \\$atext$btxt$2rdacontent
=337  \\$acomputer$bc$2rdamedia
=338  \\$aonline resource$bcr$2rdacarrier
=490  1\$aNBS report ;$v9362
=500  \\$a1966.
=500  \\$aContributed record: Metadata reviewed, not verified. Some fields updated by batch processes.
=500  \\$aTitle from PDF title page.
=504  \\$aIncludes bibliographical references.
=650  \0$aFire prevention$xResearch.
=650  \7$aFire prevention$xResearch.$2fast$0(OCoLC)fst00925487
=700  1\$aRyan, J. V.$q(James V.)
=710  1\$aUnited States.$bNational Bureau of Standards.
=830  \0$aNBS report ;$v9362.
=856  4\$uhttps://dx.doi.org/10.6028/NBS.RPT.9362
=856  4\$zAddress at time of PURL creation$uhttps://www.govinfo.gov/content/pkg/GOVPUB-C13-a4a63a0dc1cb718b649e834fc424114b/pdf/GOVPUB-C13-a4a63a0dc1cb718b649e834fc424114b.pdf
=856  40$uhttps://purl.fdlp.gov/GPO/gpo101422
=049  \\$aGPOO
=922  \\$aBatch-processed
=922  \\$aNIST-1$b20180815

