=LDR  01592nam  2200397Ia 45e0
=001  001076499
=003  OCoLC
=005  20180711120953.0
=008  161006s1966\\\\mdu\\\\\ob\\\f000\0\eng\d
=024  8\$aGOVPUB-C13-2d629207819bfdbc0ca192f6a5e7eaab
=035  \\$a(OCoLC)959982359
=040  \\$aNBS$beng$erda$cNBS$dOCLCO$dOCLCQ
=086  0\$aC 13.38:9393
=100  1\$aSandholzer, Marjorie W.
=245  10$aReview of plastics flammability test methods /$cMarjorie W. Sandholzer, M.P. Vaishnav.
=264  \1$aGaithersburg, MD :$bU.S. Dept. of Commerce, National Institute of Standards and Technology,$c1966.
=300  \\$a1 online resource.
=336  \\$atext$btxt$2rdacontent
=337  \\$acomputer$bc$2rdamedia
=338  \\$aonline resource$bcr$2rdacarrier
=490  1\$aNBS report ;$v9393
=500  \\$a1966.
=500  \\$aContributed record: Metadata reviewed, not verified. Some fields updated by batch processes.
=500  \\$aTitle from PDF title page.
=504  \\$aIncludes bibliographical references.
=650  \0$aPlastics$xFlammability$xTesting.
=700  1\$aSandholzer, Marjorie W.
=700  1\$aVaishnav, M. P.
=710  1\$aUnited States.$bNational Bureau of Standards.
=830  \0$aNBS report ;$v9393.
=856  4\$uhttps://dx.doi.org/10.6028/NBS.RPT.9393
=856  4\$zAddress at time of PURL creation$uhttps://www.govinfo.gov/content/pkg/GOVPUB-C13-2d629207819bfdbc0ca192f6a5e7eaab/pdf/GOVPUB-C13-2d629207819bfdbc0ca192f6a5e7eaab.pdf
=856  40$uhttps://purl.fdlp.gov/GPO/gpo96225
=049  \\$aGPOO
=922  \\$aBatch-processed
=922  \\$aNIST-1$b20180815

