=LDR  01567nam  2200361Ia 45e0
=001  001077044
=003  OCoLC
=005  20180711120959.0
=008  161006s1966\\\\mdu\\\\\ob\\\f000\0\eng\d
=024  8\$aGOVPUB-C13-bea2e845fe24bc3da5d0ab5d5c5c2ebf
=035  \\$a(OCoLC)959982733
=040  \\$aNBS$beng$erda$cNBS$dOCLCO$dOCLCQ
=086  0\$aC 13.38:9042
=110  1\$aUnited States.$bNational Bureau of Standards.
=245  10$aDevelopment of methods of test for quality control of porcelain enamels :$bprogress report October 1 through December 31, 1965 /$cNational Bureau of Standards.
=264  \1$aGaithersburg, MD :$bU.S. Dept. of Commerce, National Institute of Standards and Technology,$c1966.
=300  \\$a1 online resource.
=336  \\$atext$btxt$2rdacontent
=337  \\$acomputer$bc$2rdamedia
=338  \\$aonline resource$bcr$2rdacarrier
=490  1\$aNBS report ;$v9042
=500  \\$a1966.
=500  \\$aContributed record: Metadata reviewed, not verified. Some fields updated by batch processes.
=500  \\$aTitle from PDF title page.
=504  \\$aIncludes bibliographical references.
=710  1\$aUnited States.$bNational Bureau of Standards.
=830  \0$aNBS report ;$v9042.
=856  4\$uhttps://dx.doi.org/10.6028/NBS.RPT.9042
=856  4\$zAddress at time of PURL creation$uhttps://www.govinfo.gov/content/pkg/GOVPUB-C13-bea2e845fe24bc3da5d0ab5d5c5c2ebf/pdf/GOVPUB-C13-bea2e845fe24bc3da5d0ab5d5c5c2ebf.pdf
=856  40$uhttps://purl.fdlp.gov/GPO/gpo102463
=049  \\$aGPOO
=922  \\$aBatch-processed
=922  \\$aNIST-1$b20180815

