=LDR  01654nam  2200397Ia 45e0
=001  001077103
=003  OCoLC
=005  20180711120959.0
=008  161006s1967\\\\mdu\\\\\ob\\\f000\0\eng\d
=024  8\$aGOVPUB-C13-cb0943ef475d6efbc429aed3e26331dc
=035  \\$a(OCoLC)959982746
=040  \\$aNBS$beng$erda$cNBS$dOCLCO$dOCLCF$dOCLCQ
=086  0\$aC 13.38:9465
=100  1\$aBlaine, Raymond L.
=245  10$aInduced accelerated deterioration of portland cement concrete :$bprogress report, semiannual report /$cRaymond L. Blaine.
=264  \1$aGaithersburg, MD :$bU.S. Dept. of Commerce, National Institute of Standards and Technology,$c1967.
=300  \\$a1 online resource.
=336  \\$atext$btxt$2rdacontent
=337  \\$acomputer$bc$2rdamedia
=338  \\$aonline resource$bcr$2rdacarrier
=490  1\$aNBS report ;$v9465
=500  \\$a1967.
=500  \\$aContributed record: Metadata reviewed, not verified. Some fields updated by batch processes.
=500  \\$aTitle from PDF title page.
=504  \\$aIncludes bibliographical references.
=650  \0$aPortland cement$xTesting.
=650  \7$aPortland cement$xTesting.$2fast$0(OCoLC)fst01072110
=700  1\$aBlaine, Raymond L.
=710  1\$aUnited States.$bNational Bureau of Standards.
=830  \0$aNBS report ;$v9465.
=856  4\$uhttps://dx.doi.org/10.6028/NBS.RPT.9465
=856  4\$zAddress at time of PURL creation$uhttps://www.govinfo.gov/content/pkg/GOVPUB-C13-cb0943ef475d6efbc429aed3e26331dc/pdf/GOVPUB-C13-cb0943ef475d6efbc429aed3e26331dc.pdf
=856  40$uhttps://purl.fdlp.gov/GPO/gpo103018
=049  \\$aGPOO
=922  \\$aBatch-processed
=922  \\$aNIST-1$b20180815

