=LDR  01585nam  2200397Ia 45e0
=001  001076633
=003  OCoLC
=005  20180711121002.0
=008  161006s1967\\\\mdu\\\\\ob\\\f000\0\eng\d
=024  8\$aGOVPUB-C13-4c7e6304e6abb116596653aeb1bd2703
=035  \\$a(OCoLC)959982919
=040  \\$aNBS$beng$erda$cNBS$dOCLCO$dOCLCQ
=086  0\$aC 13.38:9804
=100  1\$aBrauer, G. M.
=245  10$aAluminum oxide as a reinforcing agent for zinc oxide-eugenol-eba cements /$cG.M. Brauer, R.P. McLaughlin, E.F. Huget.
=264  \1$aGaithersburg, MD :$bU.S. Dept. of Commerce, National Institute of Standards and Technology,$c1967.
=300  \\$a1 online resource.
=336  \\$atext$btxt$2rdacontent
=337  \\$acomputer$bc$2rdamedia
=338  \\$aonline resource$bcr$2rdacarrier
=490  1\$aNBS report ;$v9804
=500  \\$a1967.
=500  \\$aContributed record: Metadata reviewed, not verified. Some fields updated by batch processes.
=500  \\$aTitle from PDF title page.
=504  \\$aIncludes bibliographical references.
=700  1\$aBrauer, G. M.
=700  1\$aHuget, E. F.
=700  1\$aMcLaughlin, R. P.
=710  1\$aUnited States.$bNational Bureau of Standards.
=830  \0$aNBS report ;$v9804.
=856  4\$uhttps://dx.doi.org/10.6028/NBS.RPT.9804
=856  4\$zAddress at time of PURL creation$uhttps://www.govinfo.gov/content/pkg/GOVPUB-C13-4c7e6304e6abb116596653aeb1bd2703/pdf/GOVPUB-C13-4c7e6304e6abb116596653aeb1bd2703.pdf
=856  40$uhttps://purl.fdlp.gov/GPO/gpo97676
=049  \\$aGPOO
=922  \\$aBatch-processed
=922  \\$aNIST-1$b20180815

