=LDR  01720nam  2200409Ia 45e0
=001  001076525
=003  OCoLC
=005  20180711120956.0
=008  161006s1967\\\\mdu\\\\\ob\\\f000\0\eng\d
=024  8\$aGOVPUB-C13-33dcac49abd198e8fd34acd135b355bd
=035  \\$a(OCoLC)959982546
=040  \\$aNBS$beng$erda$cNBS$dOCLCO$dOCLCF$dOCLCQ
=086  0\$aC 13.38:9459
=100  1\$aBurdick, M. D.
=245  10$aDevelopment of methods of test for quality control of porcelain enamels :$bprogress report July 1 through September 30, 1966 /$cM.D. Burdick, M.A. Rushmer.
=264  \1$aGaithersburg, MD :$bU.S. Dept. of Commerce, National Institute of Standards and Technology,$c1967.
=300  \\$a1 online resource.
=336  \\$atext$btxt$2rdacontent
=337  \\$acomputer$bc$2rdamedia
=338  \\$aonline resource$bcr$2rdacarrier
=490  1\$aNBS report ;$v9459
=500  \\$a1967.
=500  \\$aContributed record: Metadata reviewed, not verified. Some fields updated by batch processes.
=500  \\$aTitle from PDF title page.
=504  \\$aIncludes bibliographical references.
=650  \0$aEnamel and enameling$xTesting.
=650  \7$aEnamel and enameling$xTesting.$2fast$0(OCoLC)fst00909457
=700  1\$aBurdick, M. D.
=700  1\$aRushmer, M. A.
=710  1\$aUnited States.$bNational Bureau of Standards.
=830  \0$aNBS report ;$v9459.
=856  4\$uhttps://dx.doi.org/10.6028/NBS.RPT.9459
=856  4\$zAddress at time of PURL creation$uhttps://www.govinfo.gov/content/pkg/GOVPUB-C13-33dcac49abd198e8fd34acd135b355bd/pdf/GOVPUB-C13-33dcac49abd198e8fd34acd135b355bd.pdf
=856  40$uhttps://purl.fdlp.gov/GPO/gpo96561
=049  \\$aGPOO
=922  \\$aBatch-processed
=922  \\$aNIST-1$b20180815

