=LDR  01564nam  2200397Ia 45e0
=001  001077045
=003  OCoLC
=005  20180711120959.0
=008  161006s1967\\\\mdu\\\\\ob\\\f000\0\eng\d
=024  8\$aGOVPUB-C13-beb789104a9ae353e7452a2bf48d411a
=035  \\$a(OCoLC)959982752
=040  \\$aNBS$beng$erda$cNBS$dOCLCO$dOCLCQ
=086  0\$aC 13.38:9499
=100  1\$aDavis, J. C.
=245  10$aSnowmelting systems for hangar doors :$bfinal report /$cJ.C. Davis, Paul R. Achenbach.
=264  \1$aGaithersburg, MD :$bU.S. Dept. of Commerce, National Institute of Standards and Technology,$c1967.
=300  \\$a1 online resource.
=336  \\$atext$btxt$2rdacontent
=337  \\$acomputer$bc$2rdamedia
=338  \\$aonline resource$bcr$2rdacarrier
=490  1\$aNBS report ;$v9499
=500  \\$a1967.
=500  \\$aContributed record: Metadata reviewed, not verified. Some fields updated by batch processes.
=500  \\$aTitle from PDF title page.
=504  \\$aIncludes bibliographical references.
=650  \0$aSnow removal$xTesting.
=700  1\$aAchenbach, Paul R.
=700  1\$aDavis, J. C.
=710  1\$aUnited States.$bNational Bureau of Standards.
=830  \0$aNBS report ;$v9499.
=856  4\$uhttps://dx.doi.org/10.6028/NBS.RPT.9499
=856  4\$zAddress at time of PURL creation$uhttps://www.govinfo.gov/content/pkg/GOVPUB-C13-beb789104a9ae353e7452a2bf48d411a/pdf/GOVPUB-C13-beb789104a9ae353e7452a2bf48d411a.pdf
=856  40$uhttps://purl.fdlp.gov/GPO/gpo102469
=049  \\$aGPOO
=922  \\$aBatch-processed
=922  \\$aNIST-1$b20180815

