=LDR  01556nam  2200385Ia 45e0
=001  001077183
=003  OCoLC
=005  20180711120959.0
=008  161006s1967\\\\mdu\\\\\ob\\\f000\0\eng\d
=024  8\$aGOVPUB-C13-dd0b2118c9d0a91bde958c75e718297f
=035  \\$a(OCoLC)959982725
=040  \\$aNBS$beng$erda$cNBS$dOCLCO$dOCLCQ
=086  0\$aC 13.38:9820
=100  1\$aHuget, Eugene F.
=245  14$aThe reactivity of the components of tooth structure :$bprogress report /$cEugene F. Huget, Gerhard M. Brauer.
=264  \1$aGaithersburg, MD :$bU.S. Dept. of Commerce, National Institute of Standards and Technology,$c1967.
=300  \\$a1 online resource.
=336  \\$atext$btxt$2rdacontent
=337  \\$acomputer$bc$2rdamedia
=338  \\$aonline resource$bcr$2rdacarrier
=490  1\$aNBS report ;$v9820
=500  \\$a1967.
=500  \\$aContributed record: Metadata reviewed, not verified. Some fields updated by batch processes.
=500  \\$aTitle from PDF title page.
=504  \\$aIncludes bibliographical references.
=700  1\$aBrauer, Gerhard M.
=700  1\$aHuget, Eugene F.
=710  1\$aUnited States.$bNational Bureau of Standards.
=830  \0$aNBS report ;$v9820.
=856  4\$uhttps://dx.doi.org/10.6028/NBS.RPT.9820
=856  4\$zAddress at time of PURL creation$uhttps://www.govinfo.gov/content/pkg/GOVPUB-C13-dd0b2118c9d0a91bde958c75e718297f/pdf/GOVPUB-C13-dd0b2118c9d0a91bde958c75e718297f.pdf
=856  40$uhttps://purl.fdlp.gov/GPO/gpo103989
=049  \\$aGPOO
=922  \\$aBatch-processed
=922  \\$aNIST-1$b20180815

