=LDR  01602nam  2200397Ia 45e0
=001  001076901
=003  OCoLC
=005  20180711120959.0
=008  161006s1967\\\\mdu\\\\\ob\\\f000\0\eng\d
=024  8\$aGOVPUB-C13-94de9d13675e1bd25ddf3849a1c4f64f
=035  \\$a(OCoLC)959982744
=040  \\$aNBS$beng$erda$cNBS$dOCLCO$dOCLCF$dOCLCQ
=086  0\$aC 13.38:9456
=100  1\$aMills, Robert M.
=245  10$aFlame inhibition with electron attachment as the first step /$cRobert M. Mills.
=264  \1$aGaithersburg, MD :$bU.S. Dept. of Commerce, National Institute of Standards and Technology,$c1967.
=300  \\$a1 online resource.
=336  \\$atext$btxt$2rdacontent
=337  \\$acomputer$bc$2rdamedia
=338  \\$aonline resource$bcr$2rdacarrier
=490  1\$aNBS report ;$v9456
=500  \\$a1967.
=500  \\$aContributed record: Metadata reviewed, not verified. Some fields updated by batch processes.
=500  \\$aTitle from PDF title page.
=504  \\$aIncludes bibliographical references.
=650  \0$aFlame spread$xTesting.
=650  \7$aFlame spread$xTesting.$2fast$0(OCoLC)fst00926990
=700  1\$aMills, Robert M.
=710  1\$aUnited States.$bNational Bureau of Standards.
=830  \0$aNBS report ;$v9456.
=856  4\$uhttps://dx.doi.org/10.6028/NBS.RPT.9456
=856  4\$zAddress at time of PURL creation$uhttps://www.govinfo.gov/content/pkg/GOVPUB-C13-94de9d13675e1bd25ddf3849a1c4f64f/pdf/GOVPUB-C13-94de9d13675e1bd25ddf3849a1c4f64f.pdf
=856  40$uhttps://purl.fdlp.gov/GPO/gpo100814
=049  \\$aGPOO
=922  \\$aBatch-processed
=922  \\$aNIST-1$b20180815

