=LDR  01713nam  2200421Ia 45e0
=001  001077197
=003  OCoLC
=005  20180711121002.0
=008  161006s1968\\\\mdu\\\\\ob\\\f000\0\eng\d
=024  8\$aGOVPUB-C13-deb8f7b38aa1e1d648d4cf811b2aed06
=035  \\$a(OCoLC)959982941
=040  \\$aNBS$beng$erda$cNBS$dOCLCO$dOCLCF$dOCLCQ
=086  0\$aC 13.38:9916
=100  1\$aBowen, R. L.
=245  10$aX-ray-opaque reinforcing fillers for composite materials :$bprogress report /$cR.L. Bowen.
=264  \1$aGaithersburg, MD :$bU.S. Dept. of Commerce, National Institute of Standards and Technology,$c1968.
=300  \\$a1 online resource.
=336  \\$atext$btxt$2rdacontent
=337  \\$acomputer$bc$2rdamedia
=338  \\$aonline resource$bcr$2rdacarrier
=490  1\$aNBS report ;$v9916
=500  \\$a1968.
=500  \\$aContributed record: Metadata reviewed, not verified. Some fields updated by batch processes.
=500  \\$aTitle from PDF title page.
=504  \\$aIncludes bibliographical references.
=650  \0$aDental materials$xTesting.
=650  \0$aDentistry$xResearch.
=650  \7$aDental materials$xTesting.$2fast$0(OCoLC)fst00890521
=650  \7$aDentistry$xResearch.$2fast$0(OCoLC)fst00890671
=700  1\$aBowen, R. L.
=710  1\$aUnited States.$bNational Bureau of Standards.
=830  \0$aNBS report ;$v9916.
=856  4\$uhttps://dx.doi.org/10.6028/NBS.RPT.9916
=856  4\$zAddress at time of PURL creation$uhttps://www.govinfo.gov/content/pkg/GOVPUB-C13-deb8f7b38aa1e1d648d4cf811b2aed06/pdf/GOVPUB-C13-deb8f7b38aa1e1d648d4cf811b2aed06.pdf
=856  40$uhttps://purl.fdlp.gov/GPO/gpo104061
=049  \\$aGPOO
=922  \\$aBatch-processed
=922  \\$aNIST-1$b20180815

