=LDR  01695nam  2200421Ia 45e0
=001  001076860
=003  OCoLC
=005  20180711120958.0
=008  161006s1968\\\\mdu\\\\\ob\\\f000\0\eng\d
=024  8\$aGOVPUB-C13-8afb7020640c7c14baa9982099b8d8d8
=035  \\$a(OCoLC)959982694
=040  \\$aNBS$beng$erda$cNBS$dOCLCO$dOCLCQ$dOCLCF
=086  0\$aC 13.38:9918
=100  1\$aBrown, Walter E.
=245  10$aHydrated calcium and calcium-sodium carbonates :$bprogress report /$cWalter E. Brown, Brian Dickens.
=264  \1$aGaithersburg, MD :$bU.S. Dept. of Commerce, National Institute of Standards and Technology,$c1968.
=300  \\$a1 online resource.
=336  \\$atext$btxt$2rdacontent
=337  \\$acomputer$bc$2rdamedia
=338  \\$aonline resource$bcr$2rdacarrier
=490  1\$aNBS report ;$v9918
=500  \\$a1968.
=500  \\$aContributed record: Metadata reviewed, not verified. Some fields updated by batch processes.
=500  \\$aTitle from PDF title page.
=504  \\$aIncludes bibliographical references.
=650  \0$aCalcium carbonate$xTesting.
=650  \0$aDentistry$xResearch.
=650  \7$aDentistry$xResearch.$2fast$0(OCoLC)fst00890671
=700  1\$aBrown, Walter E.
=700  1\$aDickens, Brian.
=710  1\$aUnited States.$bNational Bureau of Standards.
=830  \0$aNBS report ;$v9918.
=856  4\$uhttps://dx.doi.org/10.6028/NBS.RPT.9918
=856  4\$zAddress at time of PURL creation$uhttps://www.govinfo.gov/content/pkg/GOVPUB-C13-8afb7020640c7c14baa9982099b8d8d8/pdf/GOVPUB-C13-8afb7020640c7c14baa9982099b8d8d8.pdf
=856  40$uhttps://purl.fdlp.gov/GPO/gpo100413
=049  \\$aGPOO
=922  \\$aBatch-processed
=922  \\$aNIST-1$b20180815

