=LDR  01594nam  2200397Ia 45e0
=001  001077145
=003  OCoLC
=005  20180711121001.0
=008  161006s1968\\\\mdu\\\\\ob\\\f000\0\eng\d
=024  8\$aGOVPUB-C13-d39fd6d4d236e2baff8bfd5666a104e7
=035  \\$a(OCoLC)959982871
=040  \\$aNBS$beng$erda$cNBS$dOCLCO$dOCLCQ
=086  0\$aC 13.38:9984
=100  1\$aCaul, H. J.
=245  14$aThe particle size and shape of silver alloys for dental amalgam :$bprogress report /$cH.J. Caul, J.A. Barton, R.C. Manuszewski.
=264  \1$aGaithersburg, MD :$bU.S. Dept. of Commerce, National Institute of Standards and Technology,$c1968.
=300  \\$a1 online resource.
=336  \\$atext$btxt$2rdacontent
=337  \\$acomputer$bc$2rdamedia
=338  \\$aonline resource$bcr$2rdacarrier
=490  1\$aNBS report ;$v9984
=500  \\$a1968.
=500  \\$aContributed record: Metadata reviewed, not verified. Some fields updated by batch processes.
=500  \\$aTitle from PDF title page.
=504  \\$aIncludes bibliographical references.
=700  1\$aBarton, J. A.
=700  1\$aCaul, H. J.
=700  1\$aManuszewski, R. C.
=710  1\$aUnited States.$bNational Bureau of Standards.
=830  \0$aNBS report ;$v9984.
=856  4\$uhttps://dx.doi.org/10.6028/NBS.RPT.9984
=856  4\$zAddress at time of PURL creation$uhttps://www.govinfo.gov/content/pkg/GOVPUB-C13-d39fd6d4d236e2baff8bfd5666a104e7/pdf/GOVPUB-C13-d39fd6d4d236e2baff8bfd5666a104e7.pdf
=856  40$uhttps://purl.fdlp.gov/GPO/gpo103349
=049  \\$aGPOO
=922  \\$aBatch-processed
=922  \\$aNIST-1$b20180815

