=LDR  01585nam  2200397Ia 45e0
=001  001077036
=003  OCoLC
=005  20180711121003.0
=008  161006s1968\\\\mdu\\\\\ob\\\f000\0\eng\d
=024  8\$aGOVPUB-C13-bc13b29c4cacc78354ac98d154f08a1f
=035  \\$a(OCoLC)959982959
=040  \\$aNBS$beng$erda$cNBS$dOCLCO$dOCLCQ
=086  0\$aC 13.38:9958
=100  1\$aDavis, James E.
=245  12$aA summary of low visibility conditions at the Arcata airport /$cJames E. Davis, J.W. Simeroth, J.C. Wilkerson.
=264  \1$aGaithersburg, MD :$bU.S. Dept. of Commerce, National Institute of Standards and Technology,$c1968.
=300  \\$a1 online resource.
=336  \\$atext$btxt$2rdacontent
=337  \\$acomputer$bc$2rdamedia
=338  \\$aonline resource$bcr$2rdacarrier
=490  1\$aNBS report ;$v9958
=500  \\$a1968.
=500  \\$aContributed record: Metadata reviewed, not verified. Some fields updated by batch processes.
=500  \\$aTitle from PDF title page.
=504  \\$aIncludes bibliographical references.
=700  1\$aDavis, James E.
=700  1\$aSimeroth, J. W.
=700  1\$aWilkerson, J. C.
=710  1\$aUnited States.$bNational Bureau of Standards.
=830  \0$aNBS report ;$v9958.
=856  4\$uhttps://dx.doi.org/10.6028/NBS.RPT.9958
=856  4\$zAddress at time of PURL creation$uhttps://www.govinfo.gov/content/pkg/GOVPUB-C13-bc13b29c4cacc78354ac98d154f08a1f/pdf/GOVPUB-C13-bc13b29c4cacc78354ac98d154f08a1f.pdf
=856  40$uhttps://purl.fdlp.gov/GPO/gpo102363
=049  \\$aGPOO
=922  \\$aBatch-processed
=922  \\$aNIST-1$b20180815

