=LDR  01709nam  2200409Ia 45e0
=001  001076693
=003  OCoLC
=005  20180711120958.0
=008  161006s1968\\\\mdu\\\\\ob\\\f000\0\eng\d
=024  8\$aGOVPUB-C13-5b88d7bc55e34aade0504aa8782a4e1b
=035  \\$a(OCoLC)959982696
=040  \\$aNBS$beng$erda$cNBS$dOCLCO$dOCLCF$dOCLCQ
=086  0\$aC 13.38:9921
=100  1\$aDickens, Brian.
=245  14$aThe crystal structures of gaylussite, CaNa2(CO3) sub 2 . 5H2O and pirssonite, CaNa sub 2(CO3) sub 2 . 2H2O :$bprogress report /$cBrian Dickens, Walter E. Brown.
=264  \1$aGaithersburg, MD :$bU.S. Dept. of Commerce, National Institute of Standards and Technology,$c1968.
=300  \\$a1 online resource.
=336  \\$atext$btxt$2rdacontent
=337  \\$acomputer$bc$2rdamedia
=338  \\$aonline resource$bcr$2rdacarrier
=490  1\$aNBS report ;$v9921
=500  \\$a1968.
=500  \\$aContributed record: Metadata reviewed, not verified. Some fields updated by batch processes.
=500  \\$aTitle from PDF title page.
=504  \\$aIncludes bibliographical references.
=650  \0$aDentistry$xResearch.
=650  \7$aDentistry$xResearch.$2fast$0(OCoLC)fst00890671
=700  1\$aBrown, Walter E.
=700  1\$aDickens, Brian.
=710  1\$aUnited States.$bNational Bureau of Standards.
=830  \0$aNBS report ;$v9921.
=856  4\$uhttps://dx.doi.org/10.6028/NBS.RPT.9921
=856  4\$zAddress at time of PURL creation$uhttps://www.govinfo.gov/content/pkg/GOVPUB-C13-5b88d7bc55e34aade0504aa8782a4e1b/pdf/GOVPUB-C13-5b88d7bc55e34aade0504aa8782a4e1b.pdf
=856  40$uhttps://purl.fdlp.gov/GPO/gpo98378
=049  \\$aGPOO
=922  \\$aBatch-processed
=922  \\$aNIST-1$b20180815

