=LDR  01669nam  2200409Ia 45e0
=001  001076757
=003  OCoLC
=005  20180711121001.0
=008  161006s1968\\\\mdu\\\\\ob\\\f000\0\eng\d
=024  8\$aGOVPUB-C13-6d384f939f702c7ceb44eda348a5d7eb
=035  \\$a(OCoLC)959982872
=040  \\$aNBS$beng$erda$cNBS$dOCLCO$dOCLCF$dOCLCQ
=086  0\$aC 13.38:9985
=100  1\$aDickens, Brian.
=245  14$aThe crystal structure of CaCO sub 3 . 6H sub 2 O at -120 degrees C :$bprogress report /$cBrian Dickens, Walter E. Brown.
=264  \1$aGaithersburg, MD :$bU.S. Dept. of Commerce, National Institute of Standards and Technology,$c1968.
=300  \\$a1 online resource.
=336  \\$atext$btxt$2rdacontent
=337  \\$acomputer$bc$2rdamedia
=338  \\$aonline resource$bcr$2rdacarrier
=490  1\$aNBS report ;$v9985
=500  \\$a1968.
=500  \\$aContributed record: Metadata reviewed, not verified. Some fields updated by batch processes.
=500  \\$aTitle from PDF title page.
=504  \\$aIncludes bibliographical references.
=650  \0$aDentistry$xResearch.
=650  \7$aDentistry$xResearch.$2fast$0(OCoLC)fst00890671
=700  1\$aBrown, Walter E.
=700  1\$aDickens, Brian.
=710  1\$aUnited States.$bNational Bureau of Standards.
=830  \0$aNBS report ;$v9985.
=856  4\$uhttps://dx.doi.org/10.6028/NBS.RPT.9985
=856  4\$zAddress at time of PURL creation$uhttps://www.govinfo.gov/content/pkg/GOVPUB-C13-6d384f939f702c7ceb44eda348a5d7eb/pdf/GOVPUB-C13-6d384f939f702c7ceb44eda348a5d7eb.pdf
=856  40$uhttps://purl.fdlp.gov/GPO/gpo99071
=049  \\$aGPOO
=922  \\$aBatch-processed
=922  \\$aNIST-1$b20180815

