=LDR  01713nam  2200433Ia 45e0
=001  001077108
=003  OCoLC
=005  20180711121002.0
=008  161006s1968\\\\mdu\\\\\ob\\\f000\0\eng\d
=019  \\$a994300792
=024  8\$aGOVPUB-C13-cbf48cc3c5f00e4306e30dfb210de671
=035  \\$a(OCoLC)959982951$z(OCoLC)994300792
=040  \\$aNBS$beng$erda$cNBS$dOCLCO$dOCLCQ
=086  0\$aC 13.38:9938
=100  1\$aDruckenbrod, W. F.
=245  12$aA simulation of a highway maintenance operational unit /$cW.F. Druckenbrod, H.D. Bouland, W.G. Hall, J.A. Yurow.
=264  \1$aGaithersburg, MD :$bU.S. Dept. of Commerce, National Institute of Standards and Technology,$c1968.
=300  \\$a1 online resource.
=336  \\$atext$btxt$2rdacontent
=337  \\$acomputer$bc$2rdamedia
=338  \\$aonline resource$bcr$2rdacarrier
=490  1\$aNBS report ;$v9938
=500  \\$a1968.
=500  \\$aContributed record: Metadata reviewed, not verified. Some fields updated by batch processes.
=500  \\$aTitle from PDF title page.
=504  \\$aIncludes bibliographical references.
=700  1\$aBouland, H. D.
=700  1\$aDruckenbrod, W. F.
=700  1\$aHall, W. G.
=700  1\$aYurow, J. A.
=710  1\$aUnited States.$bNational Bureau of Standards.
=830  \0$aNBS report ;$v9938.
=856  4\$uhttps://doi.org/10.6028/NBS.RPT.9938
=856  4\$uhttps://dx.doi.org/10.6028/NBS.RPT.9938
=856  4\$zAddress at time of PURL creation$uhttps://www.govinfo.gov/content/pkg/GOVPUB-C13-cbf48cc3c5f00e4306e30dfb210de671/pdf/GOVPUB-C13-cbf48cc3c5f00e4306e30dfb210de671.pdf
=856  40$uhttps://purl.fdlp.gov/GPO/gpo103051
=049  \\$aGPOO
=922  \\$aBatch-processed
=922  \\$aNIST-1$b20180815

