=LDR  01639nam  2200409Ia 45e0
=001  001077077
=003  OCoLC
=005  20180711120952.0
=008  161006s1968\\\\mdu\\\\\ob\\\f000\0\eng\d
=024  8\$aGOVPUB-C13-c52309d973e3f6bdc3f94320ff0faf63
=035  \\$a(OCoLC)959981472
=040  \\$aNBS$beng$erda$cNBS$dOCLCO$dOCLCQ
=086  0\$aC 13.38:9917
=100  1\$aEick, J. D.
=245  10$aChemical composition of dental gold casting alloy and dental wrought gold wire alloys :$bprogress report /$cJ.D. Eick, H.J. Caul, T. Hegdahl, G. Dickson.
=264  \1$aGaithersburg, MD :$bU.S. Dept. of Commerce, National Institute of Standards and Technology,$c1968.
=300  \\$a1 online resource.
=336  \\$atext$btxt$2rdacontent
=337  \\$acomputer$bc$2rdamedia
=338  \\$aonline resource$bcr$2rdacarrier
=490  1\$aNBS report ;$v9917
=500  \\$a1968.
=500  \\$aContributed record: Metadata reviewed, not verified. Some fields updated by batch processes.
=500  \\$aTitle from PDF title page.
=504  \\$aIncludes bibliographical references.
=700  1\$aCaul, H. J.
=700  1\$aDickson, G.
=700  1\$aEick, J. D.
=700  1\$aHegdahl, T.
=710  1\$aUnited States.$bNational Bureau of Standards.
=830  \0$aNBS report ;$v9917.
=856  4\$uhttps://dx.doi.org/10.6028/NBS.RPT.9917
=856  4\$zAddress at time of PURL creation$uhttps://www.govinfo.gov/content/pkg/GOVPUB-C13-c52309d973e3f6bdc3f94320ff0faf63/pdf/GOVPUB-C13-c52309d973e3f6bdc3f94320ff0faf63.pdf
=856  40$uhttps://purl.fdlp.gov/GPO/gpo102766
=049  \\$aGPOO
=922  \\$aBatch-processed
=922  \\$aNIST-1$b20180815

