=LDR  01572nam  2200397Ia 45e0
=001  001076444
=003  OCoLC
=005  20180711121002.0
=008  161006s1968\\\\mdu\\\\\ob\\\f000\0\eng\d
=024  8\$aGOVPUB-C13-20cc24dfc002a4868ede60503562a96f
=035  \\$a(OCoLC)959982916
=040  \\$aNBS$beng$erda$cNBS$dOCLCO$dOCLCF$dOCLCQ
=086  0\$aC 13.38:9801
=100  1\$aFeinberg, I. J.
=245  10$aWeldability of a railroad rail /$cI.J. Feinberg.
=264  \1$aGaithersburg, MD :$bU.S. Dept. of Commerce, National Institute of Standards and Technology,$c1968.
=300  \\$a1 online resource.
=336  \\$atext$btxt$2rdacontent
=337  \\$acomputer$bc$2rdamedia
=338  \\$aonline resource$bcr$2rdacarrier
=490  1\$aNBS report ;$v9801
=500  \\$a1968.
=500  \\$aContributed record: Metadata reviewed, not verified. Some fields updated by batch processes.
=500  \\$aTitle from PDF title page.
=504  \\$aIncludes bibliographical references.
=650  \0$aRailroad rails$xWelding.
=650  \7$aRailroad rails$xWelding.$2fast$0(OCoLC)fst01431143
=700  1\$aFeinberg, I. J.
=710  1\$aUnited States.$bNational Bureau of Standards.
=830  \0$aNBS report ;$v9801.
=856  4\$uhttps://dx.doi.org/10.6028/NBS.RPT.9801
=856  4\$zAddress at time of PURL creation$uhttps://www.govinfo.gov/content/pkg/GOVPUB-C13-20cc24dfc002a4868ede60503562a96f/pdf/GOVPUB-C13-20cc24dfc002a4868ede60503562a96f.pdf
=856  40$uhttps://purl.fdlp.gov/GPO/gpo95779
=049  \\$aGPOO
=922  \\$aBatch-processed
=922  \\$aNIST-1$b20180815

