=LDR  01539nam  2200385Ia 45e0
=001  001076532
=003  OCoLC
=005  20180711120959.0
=008  161006s1968\\\\mdu\\\\\ob\\\f000\0\eng\d
=024  8\$aGOVPUB-C13-349484727dd195cef29611556c7853f5
=035  \\$a(OCoLC)959982697
=040  \\$aNBS$beng$erda$cNBS$dOCLCO$dOCLCQ
=086  0\$aC 13.38:9923
=100  1\$aFeinberg, I. J.
=245  10$aFatigue failure of electroformed printing plates /$cI.J. Feinberg.
=264  \1$aGaithersburg, MD :$bU.S. Dept. of Commerce, National Institute of Standards and Technology,$c1968.
=300  \\$a1 online resource.
=336  \\$atext$btxt$2rdacontent
=337  \\$acomputer$bc$2rdamedia
=338  \\$aonline resource$bcr$2rdacarrier
=490  1\$aNBS report ;$v9923
=500  \\$a1968.
=500  \\$aContributed record: Metadata reviewed, not verified. Some fields updated by batch processes.
=500  \\$aTitle from PDF title page.
=504  \\$aIncludes bibliographical references.
=650  \0$aPrinting plates$xStrains and stresses$xTesting.
=700  1\$aFeinberg, I. J.
=710  1\$aUnited States.$bNational Bureau of Standards.
=830  \0$aNBS report ;$v9923.
=856  4\$uhttps://dx.doi.org/10.6028/NBS.RPT.9923
=856  4\$zAddress at time of PURL creation$uhttps://www.govinfo.gov/content/pkg/GOVPUB-C13-349484727dd195cef29611556c7853f5/pdf/GOVPUB-C13-349484727dd195cef29611556c7853f5.pdf
=856  40$uhttps://purl.fdlp.gov/GPO/gpo96850
=049  \\$aGPOO
=922  \\$aBatch-processed
=922  \\$aNIST-1$b20180815

