=LDR  01731nam  2200421Ia 45e0
=001  001076703
=003  OCoLC
=005  20180711121002.0
=008  161006s1968\\\\mdu\\\\\ob\\\f000\0\eng\d
=024  8\$aGOVPUB-C13-5ea1d4edd94dcd8912e36286f981bd97
=035  \\$a(OCoLC)959982939
=040  \\$aNBS$beng$erda$cNBS$dOCLCO$dOCLCF$dOCLCQ
=086  0\$aC 13.38:9909
=100  1\$aFeinberg, I. J.
=245  10$aImpact properties of aluminum alloy - beta silicon carbide whisker composites /$cI.J. Feinberg.
=264  \1$aGaithersburg, MD :$bU.S. Dept. of Commerce, National Institute of Standards and Technology,$c1968.
=300  \\$a1 online resource.
=336  \\$atext$btxt$2rdacontent
=337  \\$acomputer$bc$2rdamedia
=338  \\$aonline resource$bcr$2rdacarrier
=490  1\$aNBS report ;$v9909
=500  \\$a1968.
=500  \\$aContributed record: Metadata reviewed, not verified. Some fields updated by batch processes.
=500  \\$aTitle from PDF title page.
=504  \\$aIncludes bibliographical references.
=650  \0$aAluminum alloys$xTesting.
=650  \0$aSilicon carbide$xTesting.
=650  \7$aAluminum alloys$xTesting.$2fast$0(OCoLC)fst00806336
=650  \7$aSilicon carbide$xTesting.$2fast$0(OCoLC)fst01118661
=700  1\$aFeinberg, I. J.
=710  1\$aUnited States.$bNational Bureau of Standards.
=830  \0$aNBS report ;$v9909.
=856  4\$uhttps://dx.doi.org/10.6028/NBS.RPT.9909
=856  4\$zAddress at time of PURL creation$uhttps://www.govinfo.gov/content/pkg/GOVPUB-C13-5ea1d4edd94dcd8912e36286f981bd97/pdf/GOVPUB-C13-5ea1d4edd94dcd8912e36286f981bd97.pdf
=856  40$uhttps://purl.fdlp.gov/GPO/gpo98519
=049  \\$aGPOO
=922  \\$aBatch-processed
=922  \\$aNIST-1$b20180815

