=LDR  01733nam  2200433Ia 45e0
=001  001077008
=003  OCoLC
=005  20180711120950.0
=008  160829s1968\\\\mdu\\\\\ob\\\f000\0\eng\d
=024  8\$aGOVPUB-C13-b46523768d0239ec7aef66e6993aded4
=035  \\$a(OCoLC)957470606
=040  \\$aNBS$beng$erda$cNBS$dOCLCO$dOCLCF$dOCLCQ
=086  0\$aC 13.38:10026
=100  1\$aFeinberg, I. J.
=245  10$aExamination of steel transfer plate sample no. 604 /$cI.J. Feinberg.
=264  \1$aGaithersburg, MD :$bU.S. Dept. of Commerce, National Institute of Standards and Technology,$c1968.
=300  \\$a1 online resource.
=336  \\$atext$btxt$2rdacontent
=337  \\$acomputer$bc$2rdamedia
=338  \\$aonline resource$bcr$2rdacarrier
=490  1\$aNBS report ;$v10026
=500  \\$a1968.
=500  \\$aContributed record: Metadata reviewed, not verified. Some fields updated by batch processes.
=500  \\$aTitle from PDF title page.
=504  \\$aIncludes bibliographical references.
=650  \0$aEngraving$xSpecifications.
=650  \0$aSteel$xTesting.
=650  \7$aEngraving.$2fast$0(OCoLC)fst00912443
=650  \7$aSteel$xTesting.$2fast$0(OCoLC)fst01132554
=655  \7$aSpecifications.$2fast$0(OCoLC)fst01423860
=700  1\$aFeinberg, I. J.
=710  1\$aUnited States.$bNational Bureau of Standards.
=830  \0$aNBS report ;$v10026.
=856  4\$uhttps://dx.doi.org/10.6028/NBS.RPT.10026
=856  4\$zAddress at time of PURL creation$uhttps://www.govinfo.gov/content/pkg/GOVPUB-C13-b46523768d0239ec7aef66e6993aded4/pdf/GOVPUB-C13-b46523768d0239ec7aef66e6993aded4.pdf
=856  40$uhttps://purl.fdlp.gov/GPO/gpo102060
=049  \\$aGPOO
=922  \\$aBatch-processed
=922  \\$aNIST-1$b20180815

