=LDR  01627nam  2200409Ia 45e0
=001  001077030
=003  OCoLC
=005  20180711120959.0
=008  161006s1968\\\\mdu\\\\\ob\\\f000\0\eng\d
=024  8\$aGOVPUB-C13-baa7869078702a2a5e57493d0955385e
=035  \\$a(OCoLC)959982711
=040  \\$aNBS$beng$erda$cNBS$dOCLCO$dOCLCQ
=086  0\$aC 13.38:9942
=100  1\$aFeinberg, I. J.
=245  10$aHydrogen embrittlement of chromium plated printing plates /$cI.J. Feinberg.
=264  \1$aGaithersburg, MD :$bU.S. Dept. of Commerce, National Institute of Standards and Technology,$c1968.
=300  \\$a1 online resource.
=336  \\$atext$btxt$2rdacontent
=337  \\$acomputer$bc$2rdamedia
=338  \\$aonline resource$bcr$2rdacarrier
=490  1\$aNBS report ;$v9942
=500  \\$a1968.
=500  \\$aContributed record: Metadata reviewed, not verified. Some fields updated by batch processes.
=500  \\$aTitle from PDF title page.
=504  \\$aIncludes bibliographical references.
=650  \0$aChromium-plating$xTesting.
=650  \0$aMetals$xHydrogen embrittlement$xTesting.
=650  \0$aPrinting plates$xTesting.
=700  1\$aFeinberg, I. J.
=710  1\$aUnited States.$bNational Bureau of Standards.
=830  \0$aNBS report ;$v9942.
=856  4\$uhttps://dx.doi.org/10.6028/NBS.RPT.9942
=856  4\$zAddress at time of PURL creation$uhttps://www.govinfo.gov/content/pkg/GOVPUB-C13-baa7869078702a2a5e57493d0955385e/pdf/GOVPUB-C13-baa7869078702a2a5e57493d0955385e.pdf
=856  40$uhttps://purl.fdlp.gov/GPO/gpo102306
=049  \\$aGPOO
=922  \\$aBatch-processed
=922  \\$aNIST-1$b20180815

