=LDR  01576nam  2200397Ia 45e0
=001  001076764
=003  OCoLC
=005  20180711120936.0
=008  161006s1968\\\\mdu\\\\\ob\\\f000\0\eng\d
=024  8\$aGOVPUB-C13-6f959f19b6b0db282dc2c86002f7ada4
=035  \\$a(OCoLC)959982931
=040  \\$aNBS$beng$erda$cNBS$dOCLCO$dOCLCQ
=086  0\$aC 13.38:9884
=100  1\$aGarvin, David.
=245  12$aA compendium of evaluated and estimated rate coefficients /$cDavid Garvin.
=264  \1$aGaithersburg, MD :$bU.S. Dept. of Commerce, National Institute of Standards and Technology,$c1968.
=300  \\$a1 online resource.
=336  \\$atext$btxt$2rdacontent
=337  \\$acomputer$bc$2rdamedia
=338  \\$aonline resource$bcr$2rdacarrier
=490  1\$aNBS report ;$v9884
=500  \\$a1968.
=500  \\$aContributed record: Metadata reviewed, not verified. Some fields updated by batch processes.
=500  \\$aTitle from PDF title page.
=504  \\$aIncludes bibliographical references.
=650  \0$aChemical reactions$xEvaluation.
=650  \0$aRate coefficients$xEvaluation.
=700  1\$aGarvin, David.
=710  1\$aUnited States.$bNational Bureau of Standards.
=830  \0$aNBS report ;$v9884.
=856  4\$uhttps://dx.doi.org/10.6028/NBS.RPT.9884
=856  4\$zAddress at time of PURL creation$uhttps://www.govinfo.gov/content/pkg/GOVPUB-C13-6f959f19b6b0db282dc2c86002f7ada4/pdf/GOVPUB-C13-6f959f19b6b0db282dc2c86002f7ada4.pdf
=856  40$uhttps://purl.fdlp.gov/GPO/gpo99165
=049  \\$aGPOO
=922  \\$aBatch-processed
=922  \\$aNIST-1$b20180815

