=LDR  01708nam  2200421Ia 45e0
=001  001076423
=003  OCoLC
=005  20180711121002.0
=008  161006s1968\\\\mdu\\\\\ob\\\f000\0\eng\d
=024  8\$aGOVPUB-C13-1b4c61077fdcae86d10b568f3175db66
=035  \\$a(OCoLC)959982915
=040  \\$aNBS$beng$erda$cNBS$dOCLCO$dOCLCF$dOCLCQ
=086  0\$aC 13.38:9800
=100  1\$aGerhold, W. F.
=245  10$aExamination of galvanized (zinc coated) steel sheet samples /$cW.F. Gerhold.
=264  \1$aGaithersburg, MD :$bU.S. Dept. of Commerce, National Institute of Standards and Technology,$c1968.
=300  \\$a1 online resource.
=336  \\$atext$btxt$2rdacontent
=337  \\$acomputer$bc$2rdamedia
=338  \\$aonline resource$bcr$2rdacarrier
=490  1\$aNBS report ;$v9800
=500  \\$a1968.
=500  \\$aContributed record: Metadata reviewed, not verified. Some fields updated by batch processes.
=500  \\$aTitle from PDF title page.
=504  \\$aIncludes bibliographical references.
=650  \0$aSteel, Galvanized$xTesting.
=650  \0$aZinc coating$xTesting.
=650  \7$aSteel, Galvanized$xTesting.$2fast$0(OCoLC)fst01132771
=650  \7$aZinc coating$xTesting.$2fast$0(OCoLC)fst01184411
=700  1\$aGerhold, W. F.
=710  1\$aUnited States.$bNational Bureau of Standards.
=830  \0$aNBS report ;$v9800.
=856  4\$uhttps://dx.doi.org/10.6028/NBS.RPT.9800
=856  4\$zAddress at time of PURL creation$uhttps://www.govinfo.gov/content/pkg/GOVPUB-C13-1b4c61077fdcae86d10b568f3175db66/pdf/GOVPUB-C13-1b4c61077fdcae86d10b568f3175db66.pdf
=856  40$uhttps://purl.fdlp.gov/GPO/gpo95657
=049  \\$aGPOO
=922  \\$aBatch-processed
=922  \\$aNIST-1$b20180815

