=LDR  01547nam  2200385Ia 45e0
=001  001076908
=003  OCoLC
=005  20180711121002.0
=008  161006s1968\\\\mdu\\\\\ob\\\f000\0\eng\d
=024  8\$aGOVPUB-C13-96bbef128cc71c658d5e59ecdf3f8d85
=035  \\$a(OCoLC)959982957
=040  \\$aNBS$beng$erda$cNBS$dOCLCO$dOCLCQ
=086  0\$aC 13.38:9946
=100  1\$aGerhold, W. F.
=245  10$aStress-corrosion behavior of Ti-6Al-4V alloy in a synthetic sea water environment /$cW.F. Gerhold, B.Z. Weiss.
=264  \1$aGaithersburg, MD :$bU.S. Dept. of Commerce, National Institute of Standards and Technology,$c1968.
=300  \\$a1 online resource.
=336  \\$atext$btxt$2rdacontent
=337  \\$acomputer$bc$2rdamedia
=338  \\$aonline resource$bcr$2rdacarrier
=490  1\$aNBS report ;$v9946
=500  \\$a1968.
=500  \\$aContributed record: Metadata reviewed, not verified. Some fields updated by batch processes.
=500  \\$aTitle from PDF title page.
=504  \\$aIncludes bibliographical references.
=700  1\$aGerhold, W. F.
=700  1\$aWeiss, B. Z.
=710  1\$aUnited States.$bNational Bureau of Standards.
=830  \0$aNBS report ;$v9946.
=856  4\$uhttps://dx.doi.org/10.6028/NBS.RPT.9946
=856  4\$zAddress at time of PURL creation$uhttps://www.govinfo.gov/content/pkg/GOVPUB-C13-96bbef128cc71c658d5e59ecdf3f8d85/pdf/GOVPUB-C13-96bbef128cc71c658d5e59ecdf3f8d85.pdf
=856  40$uhttps://purl.fdlp.gov/GPO/gpo100901
=049  \\$aGPOO
=922  \\$aBatch-processed
=922  \\$aNIST-1$b20180815

