=LDR  01619nam  2200409Ia 45e0
=001  001077260
=003  OCoLC
=005  20180711121002.0
=008  161006s1968\\\\mdu\\\\\ob\\\f000\0\eng\d
=024  8\$aGOVPUB-C13-f0181bcbb64402dab8b2d3e9241e911a
=035  \\$a(OCoLC)959982923
=040  \\$aNBS$beng$erda$cNBS$dOCLCO$dOCLCQ$dOCLCF
=086  0\$aC 13.38:9829
=100  1\$aGerhold, W. F.
=245  10$aExamination of stock POD security chain /$cW.F. Gerhold.
=264  \1$aGaithersburg, MD :$bU.S. Dept. of Commerce, National Institute of Standards and Technology,$c1968.
=300  \\$a1 online resource.
=336  \\$atext$btxt$2rdacontent
=337  \\$acomputer$bc$2rdamedia
=338  \\$aonline resource$bcr$2rdacarrier
=490  1\$aNBS report ;$v9829
=500  \\$a1968.
=500  \\$aContributed record: Metadata reviewed, not verified. Some fields updated by batch processes.
=500  \\$aTitle from PDF title page.
=504  \\$aIncludes bibliographical references.
=650  \0$aChains$xFatigue$xTesting.
=650  \0$aMetallurgical research.
=650  \7$aMetallurgical research.$2fast$0(OCoLC)fst01018000
=700  1\$aGerhold, W. F.
=710  1\$aUnited States.$bNational Bureau of Standards.
=830  \0$aNBS report ;$v9829.
=856  4\$uhttps://dx.doi.org/10.6028/NBS.RPT.9829
=856  4\$zAddress at time of PURL creation$uhttps://www.govinfo.gov/content/pkg/GOVPUB-C13-f0181bcbb64402dab8b2d3e9241e911a/pdf/GOVPUB-C13-f0181bcbb64402dab8b2d3e9241e911a.pdf
=856  40$uhttps://purl.fdlp.gov/GPO/gpo104793
=049  \\$aGPOO
=922  \\$aBatch-processed
=922  \\$aNIST-1$b20180815

