=LDR  01669nam  2200397Ia 45e0
=001  001076867
=003  OCoLC
=005  20180711121002.0
=008  161006s1968\\\\mdu\\\\\ob\\\f000\0\eng\d
=024  8\$aGOVPUB-C13-8c8d3802920cb572d69ea990706f3080
=035  \\$a(OCoLC)959982920
=040  \\$aNBS$beng$erda$cNBS$dOCLCO$dOCLCQ
=086  0\$aC 13.38:9811
=100  1\$aHarris, Forest K.
=245  12$aA report to the Agency for International Development on a visit to Korea by a National Bureau of Standards team under aid sponsorship /$cForest K. Harris, Ronald K. Eby, H. Steffen Peiser.
=264  \1$aGaithersburg, MD :$bU.S. Dept. of Commerce, National Institute of Standards and Technology,$c1968.
=300  \\$a1 online resource.
=336  \\$atext$btxt$2rdacontent
=337  \\$acomputer$bc$2rdamedia
=338  \\$aonline resource$bcr$2rdacarrier
=490  1\$aNBS report ;$v9811
=500  \\$a1968.
=500  \\$aContributed record: Metadata reviewed, not verified. Some fields updated by batch processes.
=500  \\$aTitle from PDF title page.
=504  \\$aIncludes bibliographical references.
=700  1\$aEby, Ronald K.
=700  1\$aHarris, Forest K.
=700  1\$aPeiser, H. Steffen.
=710  1\$aUnited States.$bNational Bureau of Standards.
=830  \0$aNBS report ;$v9811.
=856  4\$uhttps://dx.doi.org/10.6028/NBS.RPT.9811
=856  4\$zAddress at time of PURL creation$uhttps://www.govinfo.gov/content/pkg/GOVPUB-C13-8c8d3802920cb572d69ea990706f3080/pdf/GOVPUB-C13-8c8d3802920cb572d69ea990706f3080.pdf
=856  40$uhttps://purl.fdlp.gov/GPO/gpo100482
=049  \\$aGPOO
=922  \\$aBatch-processed
=922  \\$aNIST-1$b20180815

