=LDR  01523nam  2200385Ia 45e0
=001  001076775
=003  OCoLC
=005  20180711121002.0
=008  161006s1968\\\\mdu\\\\\ob\\\f000\0\eng\d
=024  8\$aGOVPUB-C13-71b177fbdcd4a760216bb35584dde4dc
=035  \\$a(OCoLC)959982924
=040  \\$aNBS$beng$erda$cNBS$dOCLCO$dOCLCQ
=086  0\$aC 13.38:9832
=100  1\$aHorn, W. A.
=245  10$aOptimal networks joining n points in the plane /$cW.A. Horn.
=264  \1$aGaithersburg, MD :$bU.S. Dept. of Commerce, National Institute of Standards and Technology,$c1968.
=300  \\$a1 online resource.
=336  \\$atext$btxt$2rdacontent
=337  \\$acomputer$bc$2rdamedia
=338  \\$aonline resource$bcr$2rdacarrier
=490  1\$aNBS report ;$v9832
=500  \\$a1968.
=500  \\$aContributed record: Metadata reviewed, not verified. Some fields updated by batch processes.
=500  \\$aTitle from PDF title page.
=504  \\$aIncludes bibliographical references.
=650  \0$aTransportation$xMathematical models$xTesting.
=700  1\$aHorn, W. A.
=710  1\$aUnited States.$bNational Bureau of Standards.
=830  \0$aNBS report ;$v9832.
=856  4\$uhttps://dx.doi.org/10.6028/NBS.RPT.9832
=856  4\$zAddress at time of PURL creation$uhttps://www.govinfo.gov/content/pkg/GOVPUB-C13-71b177fbdcd4a760216bb35584dde4dc/pdf/GOVPUB-C13-71b177fbdcd4a760216bb35584dde4dc.pdf
=856  40$uhttps://purl.fdlp.gov/GPO/gpo99257
=049  \\$aGPOO
=922  \\$aBatch-processed
=922  \\$aNIST-1$b20180815

