=LDR  01646nam  2200409Ia 45e0
=001  001077004
=003  OCoLC
=005  20180711121001.0
=008  161006s1968\\\\mdu\\\\\ob\\\f000\0\eng\d
=024  8\$aGOVPUB-C13-b3e1356f9a06f28d2be728bba2508f00
=035  \\$a(OCoLC)959982870
=040  \\$aNBS$beng$erda$cNBS$dOCLCO$dOCLCQ
=086  0\$aC 13.38:9983
=100  1\$aHuget, Eugene F.
=245  12$aA filled cold-curing acrylic resin as a splinting material :$bprogress report /$cEugene F. Huget, Gerhard M. Brauer, J. Kumpula, S.W. Civjan.
=264  \1$aGaithersburg, MD :$bU.S. Dept. of Commerce, National Institute of Standards and Technology,$c1968.
=300  \\$a1 online resource.
=336  \\$atext$btxt$2rdacontent
=337  \\$acomputer$bc$2rdamedia
=338  \\$aonline resource$bcr$2rdacarrier
=490  1\$aNBS report ;$v9983
=500  \\$a1968.
=500  \\$aContributed record: Metadata reviewed, not verified. Some fields updated by batch processes.
=500  \\$aTitle from PDF title page.
=504  \\$aIncludes bibliographical references.
=700  1\$aBrauer, Gerhard M.
=700  1\$aCivjan, S. W.
=700  1\$aHuget, Eugene F.
=700  1\$aKumpula, J.
=710  1\$aUnited States.$bNational Bureau of Standards.
=830  \0$aNBS report ;$v9983.
=856  4\$uhttps://dx.doi.org/10.6028/NBS.RPT.9983
=856  4\$zAddress at time of PURL creation$uhttps://www.govinfo.gov/content/pkg/GOVPUB-C13-b3e1356f9a06f28d2be728bba2508f00/pdf/GOVPUB-C13-b3e1356f9a06f28d2be728bba2508f00.pdf
=856  40$uhttps://purl.fdlp.gov/GPO/gpo102039
=049  \\$aGPOO
=922  \\$aBatch-processed
=922  \\$aNIST-1$b20180815

