=LDR  01658nam  2200397Ia 45e0
=001  001077271
=003  OCoLC
=005  20180711121002.0
=008  161006s1968\\\\mdu\\\\\ob\\\f000\0\eng\d
=024  8\$aGOVPUB-C13-f3d88ca46e8d98caf354ef76654a1722
=035  \\$a(OCoLC)959982929
=040  \\$aNBS$beng$erda$cNBS$dOCLCO$dOCLCF$dOCLCQ
=086  0\$aC 13.38:9846
=100  1\$aIverson, Warren P.
=245  10$aMicrobial corrosion :$btechnical summary report number 1 for the period May 1, 1967 to April 30, 1968 /$cWarren P. Iverson.
=264  \1$aGaithersburg, MD :$bU.S. Dept. of Commerce, National Institute of Standards and Technology,$c1968.
=300  \\$a1 online resource.
=336  \\$atext$btxt$2rdacontent
=337  \\$acomputer$bc$2rdamedia
=338  \\$aonline resource$bcr$2rdacarrier
=490  1\$aNBS report ;$v9846
=500  \\$a1968.
=500  \\$aContributed record: Metadata reviewed, not verified. Some fields updated by batch processes.
=500  \\$aTitle from PDF title page.
=504  \\$aIncludes bibliographical references.
=650  \0$aSteel$xCorrosion$xTesting.
=650  \7$aSteel$xCorrosion$xTesting.$2fast$0(OCoLC)fst01132485
=700  1\$aIverson, Warren P.
=710  1\$aUnited States.$bNational Bureau of Standards.
=830  \0$aNBS report ;$v9846.
=856  4\$uhttps://dx.doi.org/10.6028/NBS.RPT.9846
=856  4\$zAddress at time of PURL creation$uhttps://www.govinfo.gov/content/pkg/GOVPUB-C13-f3d88ca46e8d98caf354ef76654a1722/pdf/GOVPUB-C13-f3d88ca46e8d98caf354ef76654a1722.pdf
=856  40$uhttps://purl.fdlp.gov/GPO/gpo104931
=049  \\$aGPOO
=922  \\$aBatch-processed
=922  \\$aNIST-1$b20180815

