=LDR  01872nam  2200445Ia 45e0
=001  001076992
=003  OCoLC
=005  20180711121002.0
=008  161006s1968\\\\mdu\\\\\ob\\\f000\0\eng\d
=024  8\$aGOVPUB-C13-b1a648a51407ce6e24ae5b4087697fc4
=035  \\$a(OCoLC)959982934
=040  \\$aNBS$beng$erda$cNBS$dOCLCO$dOCLCQ$dOCLCF
=086  0\$aC 13.38:9894
=100  1\$aKostkowski, Henry J.
=245  10$aDevelopment of a stable ultraviolet source and techniques for accurate radiometry :$bJuly 1, 1966 - June 30, 1968 /$cHenry J. Kostkowski, Albert T. Hattenburg.
=264  \1$aGaithersburg, MD :$bU.S. Dept. of Commerce, National Institute of Standards and Technology,$c1968.
=300  \\$a1 online resource.
=336  \\$atext$btxt$2rdacontent
=337  \\$acomputer$bc$2rdamedia
=338  \\$aonline resource$bcr$2rdacarrier
=490  1\$aNBS report ;$v9894
=500  \\$a1968.
=500  \\$aContributed record: Metadata reviewed, not verified. Some fields updated by batch processes.
=500  \\$aTitle from PDF title page.
=504  \\$aIncludes bibliographical references.
=650  \0$aSpectral irradiance.
=650  \0$aSpectroradiometer$xTesting.
=650  \0$aUltraviolet radiation.
=650  \7$aSpectral irradiance.$2fast$0(OCoLC)fst01129059
=650  \7$aUltraviolet radiation.$2fast$0(OCoLC)fst01160745
=700  1\$aHattenburg, Albert T.
=700  1\$aKostkowski, Henry J.
=710  1\$aUnited States.$bNational Bureau of Standards.
=830  \0$aNBS report ;$v9894.
=856  4\$uhttps://dx.doi.org/10.6028/NBS.RPT.9894
=856  4\$zAddress at time of PURL creation$uhttps://www.govinfo.gov/content/pkg/GOVPUB-C13-b1a648a51407ce6e24ae5b4087697fc4/pdf/GOVPUB-C13-b1a648a51407ce6e24ae5b4087697fc4.pdf
=856  40$uhttps://purl.fdlp.gov/GPO/gpo101947
=049  \\$aGPOO
=922  \\$aBatch-processed
=922  \\$aNIST-1$b20180815

