=LDR  01614nam  2200397Ia 45e0
=001  001076672
=003  OCoLC
=005  20180711121002.0
=008  161006s1968\\\\mdu\\\\\ob\\\f000\0\eng\d
=024  8\$aGOVPUB-C13-55f33d4e7c1a0ca3b7fca7aa6f2721e7
=035  \\$a(OCoLC)959982922
=040  \\$aNBS$beng$erda$cNBS$dOCLCO$dOCLCQ
=086  0\$aC 13.38:9821
=100  1\$aKruger, Jerome.
=245  10$aInvestigation of the directional effects in the stress corrosion of aluminum alloys :$bfinal report /$cJ. Kruger, G.M. Ugiansky, J.R. Ambrose.
=264  \1$aGaithersburg, MD :$bU.S. Dept. of Commerce, National Institute of Standards and Technology,$c1968.
=300  \\$a1 online resource.
=336  \\$atext$btxt$2rdacontent
=337  \\$acomputer$bc$2rdamedia
=338  \\$aonline resource$bcr$2rdacarrier
=490  1\$aNBS report ;$v9821
=500  \\$a1968.
=500  \\$aContributed record: Metadata reviewed, not verified. Some fields updated by batch processes.
=500  \\$aTitle from PDF title page.
=504  \\$aIncludes bibliographical references.
=700  1\$aAmbrose, J. R.
=700  1\$aKruger, Jerome.
=700  1\$aUgiansky, G. M.
=710  1\$aUnited States.$bNational Bureau of Standards.
=830  \0$aNBS report ;$v9821.
=856  4\$uhttps://dx.doi.org/10.6028/NBS.RPT.9821
=856  4\$zAddress at time of PURL creation$uhttps://www.govinfo.gov/content/pkg/GOVPUB-C13-55f33d4e7c1a0ca3b7fca7aa6f2721e7/pdf/GOVPUB-C13-55f33d4e7c1a0ca3b7fca7aa6f2721e7.pdf
=856  40$uhttps://purl.fdlp.gov/GPO/gpo98036
=049  \\$aGPOO
=922  \\$aBatch-processed
=922  \\$aNIST-1$b20180815

