=LDR  01597nam  2200397Ia 45e0
=001  001077104
=003  OCoLC
=005  20180711121002.0
=008  161006s1968\\\\mdu\\\\\ob\\\f000\0\eng\d
=024  8\$aGOVPUB-C13-cb0cb0dd95c369f856d453869f2477ea
=035  \\$a(OCoLC)959982925
=040  \\$aNBS$beng$erda$cNBS$dOCLCO$dOCLCQ
=086  0\$aC 13.38:9834
=100  1\$aLamb, V. A.
=245  10$aSurface protection of maraging steel :$bquarterly progress report no. 9 - January 1 to March 31, 1968 /$cV.A. Lamb, J.P. Young, G.I. Reid.
=264  \1$aGaithersburg, MD :$bU.S. Dept. of Commerce, National Institute of Standards and Technology,$c1968.
=300  \\$a1 online resource.
=336  \\$atext$btxt$2rdacontent
=337  \\$acomputer$bc$2rdamedia
=338  \\$aonline resource$bcr$2rdacarrier
=490  1\$aNBS report ;$v9834
=500  \\$a1968.
=500  \\$aContributed record: Metadata reviewed, not verified. Some fields updated by batch processes.
=500  \\$aTitle from PDF title page.
=504  \\$aIncludes bibliographical references.
=700  1\$aLamb, V. A.
=700  1\$aReid, G. I.
=700  1\$aYoung, J. P.
=710  1\$aUnited States.$bNational Bureau of Standards.
=830  \0$aNBS report ;$v9834.
=856  4\$uhttps://dx.doi.org/10.6028/NBS.RPT.9834
=856  4\$zAddress at time of PURL creation$uhttps://www.govinfo.gov/content/pkg/GOVPUB-C13-cb0cb0dd95c369f856d453869f2477ea/pdf/GOVPUB-C13-cb0cb0dd95c369f856d453869f2477ea.pdf
=856  40$uhttps://purl.fdlp.gov/GPO/gpo103020
=049  \\$aGPOO
=922  \\$aBatch-processed
=922  \\$aNIST-1$b20180815

