=LDR  01660nam  2200397Ia 45e0
=001  001077026
=003  OCoLC
=005  20180711120951.0
=008  160829s1968\\\\mdu\\\\\ob\\\f000\0\eng\d
=024  8\$aGOVPUB-C13-b8ab5dbbcfeb570324c020f5164d6b04
=035  \\$a(OCoLC)957470608
=040  \\$aNBS$beng$erda$cNBS$dOCLCO$dOCLCF$dOCLCQ
=086  0\$aC 13.38:10024
=100  1\$aLoebenstein, William V.
=245  10$aAdsorption theory interpretation of Ca45 and P32 exchange with hydroxyapatite :$bprogress report /$cWilliam V. Loebenstein.
=264  \1$aGaithersburg, MD :$bU.S. Dept. of Commerce, National Institute of Standards and Technology,$c1968.
=300  \\$a1 online resource.
=336  \\$atext$btxt$2rdacontent
=337  \\$acomputer$bc$2rdamedia
=338  \\$aonline resource$bcr$2rdacarrier
=490  1\$aNBS report ;$v10024
=500  \\$a1968.
=500  \\$aContributed record: Metadata reviewed, not verified. Some fields updated by batch processes.
=500  \\$aTitle from PDF title page.
=504  \\$aIncludes bibliographical references.
=650  \0$aDentistry$xResearch.
=650  \7$aDentistry$xResearch.$2fast$0(OCoLC)fst00890671
=700  1\$aLoebenstein, William V.
=710  1\$aUnited States.$bNational Bureau of Standards.
=830  \0$aNBS report ;$v10024.
=856  4\$uhttps://dx.doi.org/10.6028/NBS.RPT.10024
=856  4\$zAddress at time of PURL creation$uhttps://www.govinfo.gov/content/pkg/GOVPUB-C13-b8ab5dbbcfeb570324c020f5164d6b04/pdf/GOVPUB-C13-b8ab5dbbcfeb570324c020f5164d6b04.pdf
=856  40$uhttps://purl.fdlp.gov/GPO/gpo102241
=049  \\$aGPOO
=922  \\$aBatch-processed
=922  \\$aNIST-1$b20180815

