=LDR  01508nam  2200385Ia 45e0
=001  001076919
=003  OCoLC
=005  20180711121002.0
=008  161006s1968\\\\mdu\\\\\ob\\\f000\0\eng\d
=024  8\$aGOVPUB-C13-9b9076de85e8b1d9efa5a8bd3295ced2
=035  \\$a(OCoLC)959982917
=040  \\$aNBS$beng$erda$cNBS$dOCLCO$dOCLCQ
=086  0\$aC 13.38:9802
=100  1\$aMcBee, Michael J.
=245  10$aSilver oxidation in atomic oxygen /$cMichael J. McBee.
=264  \1$aGaithersburg, MD :$bU.S. Dept. of Commerce, National Institute of Standards and Technology,$c1968.
=300  \\$a1 online resource.
=336  \\$atext$btxt$2rdacontent
=337  \\$acomputer$bc$2rdamedia
=338  \\$aonline resource$bcr$2rdacarrier
=490  1\$aNBS report ;$v9802
=500  \\$a1968.
=500  \\$aContributed record: Metadata reviewed, not verified. Some fields updated by batch processes.
=500  \\$aTitle from PDF title page.
=504  \\$aIncludes bibliographical references.
=650  \0$aAtomic oxygen$xTesting.
=700  1\$aMcBee, Michael J.
=710  1\$aUnited States.$bNational Bureau of Standards.
=830  \0$aNBS report ;$v9802.
=856  4\$uhttps://dx.doi.org/10.6028/NBS.RPT.9802
=856  4\$zAddress at time of PURL creation$uhttps://www.govinfo.gov/content/pkg/GOVPUB-C13-9b9076de85e8b1d9efa5a8bd3295ced2/pdf/GOVPUB-C13-9b9076de85e8b1d9efa5a8bd3295ced2.pdf
=856  40$uhttps://purl.fdlp.gov/GPO/gpo101075
=049  \\$aGPOO
=922  \\$aBatch-processed
=922  \\$aNIST-1$b20180815

