=LDR  01678nam  2200385Ia 45e0
=001  001076489
=003  OCoLC
=005  20180711120935.0
=008  161006s1968\\\\mdu\\\\\ob\\\f000\0\eng\d
=024  8\$aGOVPUB-C13-2b0d5a8fa08541204880ec610cc3dad0
=035  \\$a(OCoLC)959982903
=040  \\$aNBS$beng$erda$cNBS$dOCLCO$dOCLCF$dOCLCQ
=086  0\$aC 13.38:9964
=110  2\$aPhotometry Section.
=245  10$aDevelopment, testing, and evaluation of visual landing aids :$bconsolidated progress report for the period July 1 to September 30, 1968 /$cPhotometry Section.
=264  \1$aGaithersburg, MD :$bU.S. Dept. of Commerce, National Institute of Standards and Technology,$c1968.
=300  \\$a1 online resource.
=336  \\$atext$btxt$2rdacontent
=337  \\$acomputer$bc$2rdamedia
=338  \\$aonline resource$bcr$2rdacarrier
=490  1\$aNBS report ;$v9964
=500  \\$a1968.
=500  \\$aContributed record: Metadata reviewed, not verified. Some fields updated by batch processes.
=500  \\$aTitle from PDF title page.
=504  \\$aIncludes bibliographical references.
=650  \0$aLanding aids (Aeronautics)$xTesting.
=650  \7$aLanding aids (Aeronautics)$xTesting.$2fast$0(OCoLC)fst00991703
=710  1\$aUnited States.$bNational Bureau of Standards.
=830  \0$aNBS report ;$v9964.
=856  4\$uhttps://dx.doi.org/10.6028/NBS.RPT.9964
=856  4\$zAddress at time of PURL creation$uhttps://www.govinfo.gov/content/pkg/GOVPUB-C13-2b0d5a8fa08541204880ec610cc3dad0/pdf/GOVPUB-C13-2b0d5a8fa08541204880ec610cc3dad0.pdf
=856  40$uhttps://purl.fdlp.gov/GPO/gpo96159
=049  \\$aGPOO
=922  \\$aBatch-processed
=922  \\$aNIST-1$b20180815

