=LDR  01506nam  2200385Ia 45e0
=001  001077189
=003  OCoLC
=005  20180711121003.0
=008  161006s1968\\\\mdu\\\\\ob\\\f000\0\eng\d
=024  8\$aGOVPUB-C13-de24f9afbd20159e39f01b01090ff552
=035  \\$a(OCoLC)959982958
=040  \\$aNBS$beng$erda$cNBS$dOCLCO$dOCLCQ
=086  0\$aC 13.38:9947
=100  1\$aShives, T. R.
=245  10$aFailed McCauley propeller hub /$cT.R. Shives.
=264  \1$aGaithersburg, MD :$bU.S. Dept. of Commerce, National Institute of Standards and Technology,$c1968.
=300  \\$a1 online resource.
=336  \\$atext$btxt$2rdacontent
=337  \\$acomputer$bc$2rdamedia
=338  \\$aonline resource$bcr$2rdacarrier
=490  1\$aNBS report ;$v9947
=500  \\$a1968.
=500  \\$aContributed record: Metadata reviewed, not verified. Some fields updated by batch processes.
=500  \\$aTitle from PDF title page.
=504  \\$aIncludes bibliographical references.
=650  \0$aAluminum alloys$xStresses and strains.
=700  1\$aShives, T. R.
=710  1\$aUnited States.$bNational Bureau of Standards.
=830  \0$aNBS report ;$v9947.
=856  4\$uhttps://dx.doi.org/10.6028/NBS.RPT.9947
=856  4\$zAddress at time of PURL creation$uhttps://www.govinfo.gov/content/pkg/GOVPUB-C13-de24f9afbd20159e39f01b01090ff552/pdf/GOVPUB-C13-de24f9afbd20159e39f01b01090ff552.pdf
=856  40$uhttps://purl.fdlp.gov/GPO/gpo104033
=049  \\$aGPOO
=922  \\$aBatch-processed
=922  \\$aNIST-1$b20180815

