=LDR  01710nam  2200421Ia 45e0
=001  001076418
=003  OCoLC
=005  20180711120958.0
=008  161006s1968\\\\mdu\\\\\ob\\\f000\0\eng\d
=024  8\$aGOVPUB-C13-1a7d3ffa01e7e2d01366e9a0175cf1be
=035  \\$a(OCoLC)959982675
=040  \\$aNBS$beng$erda$cNBS$dOCLCO$dOCLCQ$dOCLCF
=086  0\$aC 13.38:9014
=100  1\$aSkoda, L. F.
=245  10$aWater permeability of latex emulsion coatings on concrete masonry /$cL.F. Skoda, J.O. Bryson.
=264  \1$aGaithersburg, MD :$bU.S. Dept. of Commerce, National Institute of Standards and Technology,$c1968.
=300  \\$a1 online resource.
=336  \\$atext$btxt$2rdacontent
=337  \\$acomputer$bc$2rdamedia
=338  \\$aonline resource$bcr$2rdacarrier
=490  1\$aNBS report ;$v9014
=500  \\$a1968.
=500  \\$aContributed record: Metadata reviewed, not verified. Some fields updated by batch processes.
=500  \\$aTitle from PDF title page.
=504  \\$aIncludes bibliographical references.
=650  \0$aConcrete$xPermeability$xTesting.
=650  \0$aLatex paint$xPermeability$xTesting.
=650  \7$aConcrete$xPermeability$xTesting.$2fast$0(OCoLC)fst00874205
=700  1\$aBryson, James.
=700  1\$aSkoda, L. F.
=710  1\$aUnited States.$bNational Bureau of Standards.
=830  \0$aNBS report ;$v9014.
=856  4\$uhttps://dx.doi.org/10.6028/NBS.RPT.9014
=856  4\$zAddress at time of PURL creation$uhttps://www.govinfo.gov/content/pkg/GOVPUB-C13-1a7d3ffa01e7e2d01366e9a0175cf1be/pdf/GOVPUB-C13-1a7d3ffa01e7e2d01366e9a0175cf1be.pdf
=856  40$uhttps://purl.fdlp.gov/GPO/gpo95368
=049  \\$aGPOO
=922  \\$aBatch-processed
=922  \\$aNIST-1$b20180815

