=LDR  01787nam  2200373Ia 45e0
=001  001076381
=003  OCoLC
=005  20180711120936.0
=008  161006s1968\\\\mdu\\\\\ob\\\f000\0\eng\d
=024  8\$aGOVPUB-C13-0eb148b5d1231518d0402be3e8cd59fb
=035  \\$a(OCoLC)959982938
=040  \\$aNBS$beng$erda$cNBS$dOCLCO$dOCLCQ
=086  0\$aC 13.38:9905
=110  1\$aUnited States.$bNational Bureau of Standards.
=245  10$aPreliminary report on the thermodynamic properties of selected light-element and some related compounds :$bthe previous semiannual reports in this series have the NBS report nos. 6297, 6484, 6645, 6928, 7093, 7192, 7437, 7587, 7796, 8033, 8186, 8504, 8628, 8919, 9028, 9389, 9500, 9601, and 9803 /$cNational Bureau of Standards.
=264  \1$aGaithersburg, MD :$bU.S. Dept. of Commerce, National Institute of Standards and Technology,$c1968.
=300  \\$a1 online resource.
=336  \\$atext$btxt$2rdacontent
=337  \\$acomputer$bc$2rdamedia
=338  \\$aonline resource$bcr$2rdacarrier
=490  1\$aNBS report ;$v9905
=500  \\$a1968.
=500  \\$aContributed record: Metadata reviewed, not verified. Some fields updated by batch processes.
=500  \\$aTitle from PDF title page.
=504  \\$aIncludes bibliographical references.
=650  \0$aLight elements$xThermal properties.
=710  1\$aUnited States.$bNational Bureau of Standards.
=830  \0$aNBS report ;$v9905.
=856  4\$uhttps://dx.doi.org/10.6028/NBS.RPT.9905
=856  4\$zAddress at time of PURL creation$uhttps://www.govinfo.gov/content/pkg/GOVPUB-C13-0eb148b5d1231518d0402be3e8cd59fb/pdf/GOVPUB-C13-0eb148b5d1231518d0402be3e8cd59fb.pdf
=856  40$uhttps://purl.fdlp.gov/GPO/gpo94956
=049  \\$aGPOO
=922  \\$aBatch-processed
=922  \\$aNIST-1$b20180815

