=LDR  01660nam  2200385Ia 45e0
=001  001076930
=003  OCoLC
=005  20180711120949.0
=008  160829s1968\\\\mdu\\\\\ob\\\f000\0\eng\d
=024  8\$aGOVPUB-C13-a062777e8edde8cd31f3083130ba4238
=035  \\$a(OCoLC)957470539
=040  \\$aNBS$beng$erda$cNBS$dOCLCO$dOCLCF$dOCLCQ
=086  0\$aC 13.38:10027
=110  1\$aUnited States.$bNational Bureau of Standards.
=245  10$aReport on dental research at the National Bureau of Standards :$bprogress report July 1 to December 31, 1968 /$cNational Bureau of Standards.
=264  \1$aGaithersburg, MD :$bU.S. Dept. of Commerce, National Institute of Standards and Technology,$c1968.
=300  \\$a1 online resource.
=336  \\$atext$btxt$2rdacontent
=337  \\$acomputer$bc$2rdamedia
=338  \\$aonline resource$bcr$2rdacarrier
=490  1\$aNBS report ;$v10027
=500  \\$a1968.
=500  \\$aContributed record: Metadata reviewed, not verified. Some fields updated by batch processes.
=500  \\$aTitle from PDF title page.
=504  \\$aIncludes bibliographical references.
=650  \0$aDentistry$xResearch.
=650  \7$aDentistry$xResearch.$2fast$0(OCoLC)fst00890671
=710  1\$aUnited States.$bNational Bureau of Standards.
=830  \0$aNBS report ;$v10027.
=856  4\$uhttps://dx.doi.org/10.6028/NBS.RPT.10027
=856  4\$zAddress at time of PURL creation$uhttps://www.govinfo.gov/content/pkg/GOVPUB-C13-a062777e8edde8cd31f3083130ba4238/pdf/GOVPUB-C13-a062777e8edde8cd31f3083130ba4238.pdf
=856  40$uhttps://purl.fdlp.gov/GPO/gpo101240
=049  \\$aGPOO
=922  \\$aBatch-processed
=922  \\$aNIST-1$b20180815

