=LDR  01696nam  2200421Ia 45e0
=001  001076798
=003  OCoLC
=005  20180711120958.0
=008  161006s1968\\\\mdu\\\\\ob\\\f000\0\eng\d
=024  8\$aGOVPUB-C13-78448d068c943e8a0d35df40c668a249
=035  \\$a(OCoLC)959982695
=040  \\$aNBS$beng$erda$cNBS$dOCLCO$dOCLCQ$dOCLCF
=086  0\$aC 13.38:9920
=100  1\$aWallace, Betty M.
=245  10$aStoichiometric composition of whitlockite :$bprogress report /$cBetty M. Wallace, Walter E. Brown.
=264  \1$aGaithersburg, MD :$bU.S. Dept. of Commerce, National Institute of Standards and Technology,$c1968.
=300  \\$a1 online resource.
=336  \\$atext$btxt$2rdacontent
=337  \\$acomputer$bc$2rdamedia
=338  \\$aonline resource$bcr$2rdacarrier
=490  1\$aNBS report ;$v9920
=500  \\$a1968.
=500  \\$aContributed record: Metadata reviewed, not verified. Some fields updated by batch processes.
=500  \\$aTitle from PDF title page.
=504  \\$aIncludes bibliographical references.
=650  \0$aDentistry$xResearch.
=650  \0$aPhosphate minerals$xTesting.
=650  \7$aDentistry$xResearch.$2fast$0(OCoLC)fst00890671
=700  1\$aBrown, Walter E.
=700  1\$aWallace, Betty M.
=710  1\$aUnited States.$bNational Bureau of Standards.
=830  \0$aNBS report ;$v9920.
=856  4\$uhttps://dx.doi.org/10.6028/NBS.RPT.9920
=856  4\$zAddress at time of PURL creation$uhttps://www.govinfo.gov/content/pkg/GOVPUB-C13-78448d068c943e8a0d35df40c668a249/pdf/GOVPUB-C13-78448d068c943e8a0d35df40c668a249.pdf
=856  40$uhttps://purl.fdlp.gov/GPO/gpo99525
=049  \\$aGPOO
=922  \\$aBatch-processed
=922  \\$aNIST-1$b20180815

