=LDR  01625nam  2200397Ia 45e0
=001  001077128
=003  OCoLC
=005  20180711121002.0
=008  161006s1968\\\\mdu\\\\\ob\\\f000\0\eng\d
=024  8\$aGOVPUB-C13-cf9519f60ab2b03eee0bc85ba1b1a201
=035  \\$a(OCoLC)959982928
=040  \\$aNBS$beng$erda$cNBS$dOCLCO$dOCLCQ
=086  0\$aC 13.38:9845
=100  1\$aWood, Lawrence A.
=245  10$aJust appreciable fading of the AATCC L-4 wool standard and the NBS Standard Fading Hour (SFH) /$cLawrence A. Wood, Paul J. Shouse, Elio Passaglia.
=264  \1$aGaithersburg, MD :$bU.S. Dept. of Commerce, National Institute of Standards and Technology,$c1968.
=300  \\$a1 online resource.
=336  \\$atext$btxt$2rdacontent
=337  \\$acomputer$bc$2rdamedia
=338  \\$aonline resource$bcr$2rdacarrier
=490  1\$aNBS report ;$v9845
=500  \\$a1968.
=500  \\$aContributed record: Metadata reviewed, not verified. Some fields updated by batch processes.
=500  \\$aTitle from PDF title page.
=504  \\$aIncludes bibliographical references.
=700  1\$aPassaglia, Elio.
=700  1\$aShouse, Paul J.
=700  1\$aWood, Lawrence A.
=710  1\$aUnited States.$bNational Bureau of Standards.
=830  \0$aNBS report ;$v9845.
=856  4\$uhttps://dx.doi.org/10.6028/NBS.RPT.9845
=856  4\$zAddress at time of PURL creation$uhttps://www.govinfo.gov/content/pkg/GOVPUB-C13-cf9519f60ab2b03eee0bc85ba1b1a201/pdf/GOVPUB-C13-cf9519f60ab2b03eee0bc85ba1b1a201.pdf
=856  40$uhttps://purl.fdlp.gov/GPO/gpo103190
=049  \\$aGPOO
=922  \\$aBatch-processed
=922  \\$aNIST-1$b20180815

