=LDR  01622nam  2200397Ia 45e0
=001  001077305
=003  OCoLC
=005  20180711121003.0
=008  161006s1968\\\\mdu\\\\\ob\\\f000\0\eng\d
=024  8\$aGOVPUB-C13-ff11810250c311050de624cdb9d4af6a
=035  \\$a(OCoLC)959982960
=040  \\$aNBS$beng$erda$cNBS$dOCLCO$dOCLCQ
=086  0\$aC 13.38:9960
=100  1\$aYoung, J. P.
=245  10$aCompatibility of tank coatings and materials with liquid propellants :$bsummary report - December 1965 through September 1968 /$cJ.P. Young, G.I. Reid, V.A. Lamb.
=264  \1$aGaithersburg, MD :$bU.S. Dept. of Commerce, National Institute of Standards and Technology,$c1968.
=300  \\$a1 online resource.
=336  \\$atext$btxt$2rdacontent
=337  \\$acomputer$bc$2rdamedia
=338  \\$aonline resource$bcr$2rdacarrier
=490  1\$aNBS report ;$v9960
=500  \\$a1968.
=500  \\$aContributed record: Metadata reviewed, not verified. Some fields updated by batch processes.
=500  \\$aTitle from PDF title page.
=504  \\$aIncludes bibliographical references.
=700  1\$aLamb, V. A.
=700  1\$aReid, G. I.
=700  1\$aYoung, J. P.
=710  1\$aUnited States.$bNational Bureau of Standards.
=830  \0$aNBS report ;$v9960.
=856  4\$uhttps://dx.doi.org/10.6028/NBS.RPT.9960
=856  4\$zAddress at time of PURL creation$uhttps://www.govinfo.gov/content/pkg/GOVPUB-C13-ff11810250c311050de624cdb9d4af6a/pdf/GOVPUB-C13-ff11810250c311050de624cdb9d4af6a.pdf
=856  40$uhttps://purl.fdlp.gov/GPO/gpo105396
=049  \\$aGPOO
=922  \\$aBatch-processed
=922  \\$aNIST-1$b20180815

