=LDR  01649nam  2200409Ia 45e0
=001  001076487
=003  OCoLC
=005  20180711120951.0
=008  160829s1969\\\\mdu\\\\\ob\\\f000\0\eng\d
=024  8\$aGOVPUB-C13-29cf18c112addc79461cb93027bafced
=035  \\$a(OCoLC)957470622
=040  \\$aNBS$beng$erda$cNBS$dOCLCO$dOCLCQ
=086  0\$aC 13.38:10068
=100  1\$aBaron, J. A.
=245  10$aDetermination of shear modulus of dental materials by means of the torsion pendulum :$bprogress report /$cJ.A. Baron, G. Dickson, P.L. Oglesby, J. Kumpula.
=264  \1$aGaithersburg, MD :$bU.S. Dept. of Commerce, National Institute of Standards and Technology,$c1969.
=300  \\$a1 online resource.
=336  \\$atext$btxt$2rdacontent
=337  \\$acomputer$bc$2rdamedia
=338  \\$aonline resource$bcr$2rdacarrier
=490  1\$aNBS report ;$v10068
=500  \\$a1969.
=500  \\$aContributed record: Metadata reviewed, not verified. Some fields updated by batch processes.
=500  \\$aTitle from PDF title page.
=504  \\$aIncludes bibliographical references.
=700  1\$aBaron, J. A.
=700  1\$aDickson, G.
=700  1\$aKumpula, J.
=700  1\$aOglesby, P. L.
=710  1\$aUnited States.$bNational Bureau of Standards.
=830  \0$aNBS report ;$v10068.
=856  4\$uhttps://dx.doi.org/10.6028/NBS.RPT.10068
=856  4\$zAddress at time of PURL creation$uhttps://www.govinfo.gov/content/pkg/GOVPUB-C13-29cf18c112addc79461cb93027bafced/pdf/GOVPUB-C13-29cf18c112addc79461cb93027bafced.pdf
=856  40$uhttps://purl.fdlp.gov/GPO/gpo96131
=049  \\$aGPOO
=922  \\$aBatch-processed
=922  \\$aNIST-1$b20180815

