=LDR  01607nam  2200397Ia 45e0
=001  001077069
=003  OCoLC
=005  20180711120951.0
=008  160829s1969\\\\mdu\\\\\ob\\\f000\0\eng\d
=024  8\$aGOVPUB-C13-c3f910699694c535dd06d4f3458ed1a5
=035  \\$a(OCoLC)957470617
=040  \\$aNBS$beng$erda$cNBS$dOCLCO$dOCLCQ
=086  0\$aC 13.38:10059
=100  1\$aBowen, J. S.
=245  10$aSimple extension of model making technique of Wood, Geith, Pan Liang and Dockrill :$bprogress report /$cJ.S. Bowen, P. Kingsbury, B. Dickens.
=264  \1$aGaithersburg, MD :$bU.S. Dept. of Commerce, National Institute of Standards and Technology,$c1969.
=300  \\$a1 online resource.
=336  \\$atext$btxt$2rdacontent
=337  \\$acomputer$bc$2rdamedia
=338  \\$aonline resource$bcr$2rdacarrier
=490  1\$aNBS report ;$v10059
=500  \\$a1969.
=500  \\$aContributed record: Metadata reviewed, not verified. Some fields updated by batch processes.
=500  \\$aTitle from PDF title page.
=504  \\$aIncludes bibliographical references.
=700  1\$aBowen, J. S.
=700  1\$aDickens, B.
=700  1\$aKingsbury, P.
=710  1\$aUnited States.$bNational Bureau of Standards.
=830  \0$aNBS report ;$v10059.
=856  4\$uhttps://dx.doi.org/10.6028/NBS.RPT.10059
=856  4\$zAddress at time of PURL creation$uhttps://www.govinfo.gov/content/pkg/GOVPUB-C13-c3f910699694c535dd06d4f3458ed1a5/pdf/GOVPUB-C13-c3f910699694c535dd06d4f3458ed1a5.pdf
=856  40$uhttps://purl.fdlp.gov/GPO/gpo102716
=049  \\$aGPOO
=922  \\$aBatch-processed
=922  \\$aNIST-1$b20180815

