=LDR  01596nam  2200397Ia 45e0
=001  001077148
=003  OCoLC
=005  20180711120951.0
=008  160829s1969\\\\mdu\\\\\ob\\\f000\0\eng\d
=024  8\$aGOVPUB-C13-d3dccf7b557ef19d9d8e25116a5152b1
=035  \\$a(OCoLC)957470621
=040  \\$aNBS$beng$erda$cNBS$dOCLCO$dOCLCQ
=086  0\$aC 13.38:10064
=100  1\$aBrauer, G. M.
=245  10$aPlastic reinforced EBA cements as temporary restorative materials :$bprogress report /$cG.M. Brauer, E.F. Huget, D.J. Termini.
=264  \1$aGaithersburg, MD :$bU.S. Dept. of Commerce, National Institute of Standards and Technology,$c1969.
=300  \\$a1 online resource.
=336  \\$atext$btxt$2rdacontent
=337  \\$acomputer$bc$2rdamedia
=338  \\$aonline resource$bcr$2rdacarrier
=490  1\$aNBS report ;$v10064
=500  \\$a1969.
=500  \\$aContributed record: Metadata reviewed, not verified. Some fields updated by batch processes.
=500  \\$aTitle from PDF title page.
=504  \\$aIncludes bibliographical references.
=700  1\$aBrauer, G. M.
=700  1\$aHuget, E. F.
=700  1\$aTermini, D. J.
=710  1\$aUnited States.$bNational Bureau of Standards.
=830  \0$aNBS report ;$v10064.
=856  4\$uhttps://dx.doi.org/10.6028/NBS.RPT.10064
=856  4\$zAddress at time of PURL creation$uhttps://www.govinfo.gov/content/pkg/GOVPUB-C13-d3dccf7b557ef19d9d8e25116a5152b1/pdf/GOVPUB-C13-d3dccf7b557ef19d9d8e25116a5152b1.pdf
=856  40$uhttps://purl.fdlp.gov/GPO/gpo103360
=049  \\$aGPOO
=922  \\$aBatch-processed
=922  \\$aNIST-1$b20180815

