=LDR  01555nam  2200385Ia 45e0
=001  001076706
=003  OCoLC
=005  20180711120951.0
=008  160829s1969\\\\mdu\\\\\ob\\\f000\0\eng\d
=024  8\$aGOVPUB-C13-5f5d0325d7498352ee09cb9e25b1a56e
=035  \\$a(OCoLC)957470607
=040  \\$aNBS$beng$erda$cNBS$dOCLCO$dOCLCQ
=086  0\$aC 13.38:10028
=100  1\$aBurnett, H. C.
=245  10$aCorrosion research :$bprogress report January 1, 1969 - March 31, 1969 /$cH.C. Burnett.
=264  \1$aGaithersburg, MD :$bU.S. Dept. of Commerce, National Institute of Standards and Technology,$c1969.
=300  \\$a1 online resource.
=336  \\$atext$btxt$2rdacontent
=337  \\$acomputer$bc$2rdamedia
=338  \\$aonline resource$bcr$2rdacarrier
=490  1\$aNBS report ;$v10028
=500  \\$a1969.
=500  \\$aContributed record: Metadata reviewed, not verified. Some fields updated by batch processes.
=500  \\$aTitle from PDF title page.
=504  \\$aIncludes bibliographical references.
=650  \0$aCorrosion and anti-corrosives$xResearch.
=700  1\$aBurnett, H. C.
=710  1\$aUnited States.$bNational Bureau of Standards.
=830  \0$aNBS report ;$v10028.
=856  4\$uhttps://dx.doi.org/10.6028/NBS.RPT.10028
=856  4\$zAddress at time of PURL creation$uhttps://www.govinfo.gov/content/pkg/GOVPUB-C13-5f5d0325d7498352ee09cb9e25b1a56e/pdf/GOVPUB-C13-5f5d0325d7498352ee09cb9e25b1a56e.pdf
=856  40$uhttps://purl.fdlp.gov/GPO/gpo98540
=049  \\$aGPOO
=922  \\$aBatch-processed
=922  \\$aNIST-1$b20180815

