=LDR  01660nam  2200397Ia 45e0
=001  001077180
=003  OCoLC
=005  20180711120949.0
=008  160829s1969\\\\mdu\\\\\ob\\\f000\0\eng\d
=024  8\$aGOVPUB-C13-dc748cc65104e0a1b29cbdacf0040433
=035  \\$a(OCoLC)957470540
=040  \\$aNBS$beng$erda$cNBS$dOCLCO$dOCLCQ
=086  0\$aC 13.38:10065
=100  1\$aBurns, Claire L.
=245  10$aCharacterization of a composite resin-silica material developed for temporary posterior restorations :$bprogress report /$cClaire L. Burns, John A. Barton Jr., H.H. Chandler.
=264  \1$aGaithersburg, MD :$bU.S. Dept. of Commerce, National Institute of Standards and Technology,$c1969.
=300  \\$a1 online resource.
=336  \\$atext$btxt$2rdacontent
=337  \\$acomputer$bc$2rdamedia
=338  \\$aonline resource$bcr$2rdacarrier
=490  1\$aNBS report ;$v10065
=500  \\$a1969.
=500  \\$aContributed record: Metadata reviewed, not verified. Some fields updated by batch processes.
=500  \\$aTitle from PDF title page.
=504  \\$aIncludes bibliographical references.
=700  1\$aBarton, John A.,$cJr.
=700  1\$aBurns, Claire L.
=700  1\$aChandler, H. H.
=710  1\$aUnited States.$bNational Bureau of Standards.
=830  \0$aNBS report ;$v10065.
=856  4\$uhttps://dx.doi.org/10.6028/NBS.RPT.10065
=856  4\$zAddress at time of PURL creation$uhttps://www.govinfo.gov/content/pkg/GOVPUB-C13-dc748cc65104e0a1b29cbdacf0040433/pdf/GOVPUB-C13-dc748cc65104e0a1b29cbdacf0040433.pdf
=856  40$uhttps://purl.fdlp.gov/GPO/gpo103955
=049  \\$aGPOO
=922  \\$aBatch-processed
=922  \\$aNIST-1$b20180815

