=LDR  01692nam  2200409Ia 45e0
=001  001076903
=003  OCoLC
=005  20180711120951.0
=008  160829s1969\\\\mdu\\\\\ob\\\f000\0\eng\d
=024  8\$aGOVPUB-C13-95f0e17808a71196541cb29a9be66ac5
=035  \\$a(OCoLC)957470633
=040  \\$aNBS$beng$erda$cNBS$dOCLCO$dOCLCF$dOCLCQ
=086  0\$aC 13.38:10155
=100  1\$aCarlson, Elmer T.
=245  10$aPreparation of hydroxyapatite by hydrolysis of alpha - tricalcium phosphate :$bprogress report /$cElmer T. Carlson, Edgard C. Moreno.
=264  \1$aGaithersburg, MD :$bU.S. Dept. of Commerce, National Institute of Standards and Technology,$c1969.
=300  \\$a1 online resource.
=336  \\$atext$btxt$2rdacontent
=337  \\$acomputer$bc$2rdamedia
=338  \\$aonline resource$bcr$2rdacarrier
=490  1\$aNBS report ;$v10155
=500  \\$a1969.
=500  \\$aContributed record: Metadata reviewed, not verified. Some fields updated by batch processes.
=500  \\$aTitle from PDF title page.
=504  \\$aIncludes bibliographical references.
=650  \0$aDentistry$xResearch.
=650  \7$aDentistry$xResearch.$2fast$0(OCoLC)fst00890671
=700  1\$aCarlson, Elmer T.
=700  1\$aMoreno, Edgard C.
=710  1\$aUnited States.$bNational Bureau of Standards.
=830  \0$aNBS report ;$v10155.
=856  4\$uhttps://dx.doi.org/10.6028/NBS.RPT.10155
=856  4\$zAddress at time of PURL creation$uhttps://www.govinfo.gov/content/pkg/GOVPUB-C13-95f0e17808a71196541cb29a9be66ac5/pdf/GOVPUB-C13-95f0e17808a71196541cb29a9be66ac5.pdf
=856  40$uhttps://purl.fdlp.gov/GPO/gpo100866
=049  \\$aGPOO
=922  \\$aBatch-processed
=922  \\$aNIST-1$b20180815

