=LDR  01574nam  2200397Ia 45e0
=001  001076361
=003  OCoLC
=005  20180711120950.0
=008  160829s1969\\\\mdu\\\\\ob\\\f000\0\eng\d
=024  8\$aGOVPUB-C13-08da1b455639b5951792817cad9ede7b
=035  \\$a(OCoLC)957470604
=040  \\$aNBS$beng$erda$cNBS$dOCLCO$dOCLCQ
=086  0\$aC 13.38:10009
=100  1\$aChrist, B. W.
=245  10$aFailures in wire baskets of ureteral stone dislodgers /$cB.W. Christ, C.H. Brady.
=264  \1$aGaithersburg, MD :$bU.S. Dept. of Commerce, National Institute of Standards and Technology,$c1969.
=300  \\$a1 online resource.
=336  \\$atext$btxt$2rdacontent
=337  \\$acomputer$bc$2rdamedia
=338  \\$aonline resource$bcr$2rdacarrier
=490  1\$aNBS report ;$v10009
=500  \\$a1969.
=500  \\$aContributed record: Metadata reviewed, not verified. Some fields updated by batch processes.
=500  \\$aTitle from PDF title page.
=504  \\$aIncludes bibliographical references.
=650  \0$aMetals$xStresses and strains$xTesting.
=700  1\$aBrady, C. H.
=700  1\$aChrist, B. W.
=710  1\$aUnited States.$bNational Bureau of Standards.
=830  \0$aNBS report ;$v10009.
=856  4\$uhttps://dx.doi.org/10.6028/NBS.RPT.10009
=856  4\$zAddress at time of PURL creation$uhttps://www.govinfo.gov/content/pkg/GOVPUB-C13-08da1b455639b5951792817cad9ede7b/pdf/GOVPUB-C13-08da1b455639b5951792817cad9ede7b.pdf
=856  40$uhttps://purl.fdlp.gov/GPO/gpo94660
=049  \\$aGPOO
=922  \\$aBatch-processed
=922  \\$aNIST-1$b20180815

