=LDR  01572nam  2200397Ia 45e0
=001  001076412
=003  OCoLC
=005  20180711120951.0
=008  160829s1969\\\\mdu\\\\\ob\\\f000\0\eng\d
=024  8\$aGOVPUB-C13-191e7f78a3171c96862a3432b13cfff5
=035  \\$a(OCoLC)957470631
=040  \\$aNBS$beng$erda$cNBS$dOCLCO$dOCLCQ
=086  0\$aC 13.38:10128
=100  1\$aDickens, B.
=245  12$aA refinement of the crystal structure of Na2CO3.H2O :$bprogress report /$cB. Dickens, F.A. Mauer, W.E. Brown.
=264  \1$aGaithersburg, MD :$bU.S. Dept. of Commerce, National Institute of Standards and Technology,$c1969.
=300  \\$a1 online resource.
=336  \\$atext$btxt$2rdacontent
=337  \\$acomputer$bc$2rdamedia
=338  \\$aonline resource$bcr$2rdacarrier
=490  1\$aNBS report ;$v10128
=500  \\$a1969.
=500  \\$aContributed record: Metadata reviewed, not verified. Some fields updated by batch processes.
=500  \\$aTitle from PDF title page.
=504  \\$aIncludes bibliographical references.
=700  1\$aBrown, W. E.
=700  1\$aDickens, B.
=700  1\$aMauer, F. A.
=710  1\$aUnited States.$bNational Bureau of Standards.
=830  \0$aNBS report ;$v10128.
=856  4\$uhttps://dx.doi.org/10.6028/NBS.RPT.10128
=856  4\$zAddress at time of PURL creation$uhttps://www.govinfo.gov/content/pkg/GOVPUB-C13-191e7f78a3171c96862a3432b13cfff5/pdf/GOVPUB-C13-191e7f78a3171c96862a3432b13cfff5.pdf
=856  40$uhttps://purl.fdlp.gov/GPO/gpo95339
=049  \\$aGPOO
=922  \\$aBatch-processed
=922  \\$aNIST-1$b20180815

