=LDR  01737nam  2200421Ia 45e0
=001  001077055
=003  OCoLC
=005  20180711120951.0
=008  160829s1969\\\\mdu\\\\\ob\\\f000\0\eng\d
=024  8\$aGOVPUB-C13-c1398a83a1be4d040dec7f29f28575f1
=035  \\$a(OCoLC)957470630
=040  \\$aNBS$beng$erda$cNBS$dOCLCO$dOCLCQ$dOCLCF
=086  0\$aC 13.38:10117
=100  1\$aElbourn, R. D.
=245  10$aSimulation of air traffic control radar beacon code assignment plans :$bfinal report on phase I /$cR.D. Elbourn, Judith F. Gilsinn.
=264  \1$aGaithersburg, MD :$bU.S. Dept. of Commerce, National Institute of Standards and Technology,$c1969.
=300  \\$a1 online resource.
=336  \\$atext$btxt$2rdacontent
=337  \\$acomputer$bc$2rdamedia
=338  \\$aonline resource$bcr$2rdacarrier
=490  1\$aNBS report ;$v10117
=500  \\$a1969.
=500  \\$aContributed record: Metadata reviewed, not verified. Some fields updated by batch processes.
=500  \\$aTitle from PDF title page.
=504  \\$aIncludes bibliographical references.
=650  \0$aAir traffic control$xTesting.
=650  \0$aAirplanes$xDispatching.
=650  \7$aAirplanes$xDispatching.$2fast$0(OCoLC)fst00803150
=700  1\$aElbourn, R. D.
=700  1\$aGilsinn, Judith F.
=710  1\$aUnited States.$bNational Bureau of Standards.
=830  \0$aNBS report ;$v10117.
=856  4\$uhttps://dx.doi.org/10.6028/NBS.RPT.10117
=856  4\$zAddress at time of PURL creation$uhttps://www.govinfo.gov/content/pkg/GOVPUB-C13-c1398a83a1be4d040dec7f29f28575f1/pdf/GOVPUB-C13-c1398a83a1be4d040dec7f29f28575f1.pdf
=856  40$uhttps://purl.fdlp.gov/GPO/gpo102585
=049  \\$aGPOO
=922  \\$aBatch-processed
=922  \\$aNIST-1$b20180815

