=LDR  01746nam  2200433Ia 45e0
=001  001076771
=003  OCoLC
=005  20180711120951.0
=008  160829s1969\\\\mdu\\\\\ob\\\f000\0\eng\d
=024  8\$aGOVPUB-C13-70511dde6ba74d1660c4ca9baf8ad8f0
=035  \\$a(OCoLC)957470615
=040  \\$aNBS$beng$erda$cNBS$dOCLCO$dOCLCQ$dOCLCF
=086  0\$aC 13.38:10040
=100  1\$aFeinberg, I. J.
=245  10$aExamination of electroformed nickel printing plate samples J-1, J-2, 695-B and 695-T /$cI.J. Feinberg.
=264  \1$aGaithersburg, MD :$bU.S. Dept. of Commerce, National Institute of Standards and Technology,$c1969.
=300  \\$a1 online resource.
=336  \\$atext$btxt$2rdacontent
=337  \\$acomputer$bc$2rdamedia
=338  \\$aonline resource$bcr$2rdacarrier
=490  1\$aNBS report ;$v10040
=500  \\$a1969.
=500  \\$aContributed record: Metadata reviewed, not verified. Some fields updated by batch processes.
=500  \\$aTitle from PDF title page.
=504  \\$aIncludes bibliographical references.
=650  \0$aElectroforming.
=650  \0$aNickel$xTesting.
=650  \0$aPrinting plates$xTesting.
=650  \7$aElectroforming.$2fast$0(OCoLC)fst00906455
=650  \7$aNickel$xTesting.$2fast$0(OCoLC)fst01037462
=700  1\$aFeinberg, I. J.
=710  1\$aUnited States.$bNational Bureau of Standards.
=830  \0$aNBS report ;$v10040.
=856  4\$uhttps://dx.doi.org/10.6028/NBS.RPT.10040
=856  4\$zAddress at time of PURL creation$uhttps://www.govinfo.gov/content/pkg/GOVPUB-C13-70511dde6ba74d1660c4ca9baf8ad8f0/pdf/GOVPUB-C13-70511dde6ba74d1660c4ca9baf8ad8f0.pdf
=856  40$uhttps://purl.fdlp.gov/GPO/gpo99203
=049  \\$aGPOO
=922  \\$aBatch-processed
=922  \\$aNIST-1$b20180815

