=LDR  01651nam  2200397Ia 45e0
=001  001077301
=003  OCoLC
=005  20180711120950.0
=008  160829s1969\\\\mdu\\\\\ob\\\f000\0\eng\d
=024  8\$aGOVPUB-C13-fe74a1be32bb1e560b2a168d3d64432e
=035  \\$a(OCoLC)957470592
=040  \\$aNBS$beng$erda$cNBS$dOCLCO$dOCLCF$dOCLCQ
=086  0\$aC 13.38:10015
=100  1\$aFeinberg, I. J.
=245  10$aEffect of refrigeration and strain on the Charpy V-notch impact properties of type 431 stainless steel /$cI.J. Feinberg.
=264  \1$aGaithersburg, MD :$bU.S. Dept. of Commerce, National Institute of Standards and Technology,$c1969.
=300  \\$a1 online resource.
=336  \\$atext$btxt$2rdacontent
=337  \\$acomputer$bc$2rdamedia
=338  \\$aonline resource$bcr$2rdacarrier
=490  1\$aNBS report ;$v10015
=500  \\$a1969.
=500  \\$aContributed record: Metadata reviewed, not verified. Some fields updated by batch processes.
=500  \\$aTitle from PDF title page.
=504  \\$aIncludes bibliographical references.
=650  \0$aStainless steel$xTesting.
=650  \7$aStainless steel$xTesting.$2fast$0(OCoLC)fst01733241
=700  1\$aFeinberg, I. J.
=710  1\$aUnited States.$bNational Bureau of Standards.
=830  \0$aNBS report ;$v10015.
=856  4\$uhttps://dx.doi.org/10.6028/NBS.RPT.10015
=856  4\$zAddress at time of PURL creation$uhttps://www.govinfo.gov/content/pkg/GOVPUB-C13-fe74a1be32bb1e560b2a168d3d64432e/pdf/GOVPUB-C13-fe74a1be32bb1e560b2a168d3d64432e.pdf
=856  40$uhttps://purl.fdlp.gov/GPO/gpo105370
=049  \\$aGPOO
=922  \\$aBatch-processed
=922  \\$aNIST-1$b20180815

