=LDR  01592nam  2200397Ia 45e0
=001  001076386
=003  OCoLC
=005  20180711121003.0
=008  161006s1969\\\\mdu\\\\\ob\\\f000\0\eng\d
=024  8\$aGOVPUB-C13-1103a4790564fba51e14e35e7ee9653a
=035  \\$a(OCoLC)959982967
=040  \\$aNBS$beng$erda$cNBS$dOCLCO$dOCLCQ
=086  0\$aC 13.38:9996
=100  1\$aGeil, G. W.
=245  10$aMicroplasticity I :$bmeasurement of small microstrains at ambient temperature /$cG.W. Geil, I.J. Feinberg.
=264  \1$aGaithersburg, MD :$bU.S. Dept. of Commerce, National Institute of Standards and Technology,$c1969.
=300  \\$a1 online resource.
=336  \\$atext$btxt$2rdacontent
=337  \\$acomputer$bc$2rdamedia
=338  \\$aonline resource$bcr$2rdacarrier
=490  1\$aNBS report ;$v9996
=500  \\$a1969.
=500  \\$aContributed record: Metadata reviewed, not verified. Some fields updated by batch processes.
=500  \\$aTitle from PDF title page.
=504  \\$aIncludes bibliographical references.
=650  \0$aMetals$xPlastic properties$xTesting.
=700  1\$aFeinberg, I. J.
=700  1\$aGeil, G. W.
=710  1\$aUnited States.$bNational Bureau of Standards.
=830  \0$aNBS report ;$v9996.
=856  4\$uhttps://dx.doi.org/10.6028/NBS.RPT.9996
=856  4\$zAddress at time of PURL creation$uhttps://www.govinfo.gov/content/pkg/GOVPUB-C13-1103a4790564fba51e14e35e7ee9653a/pdf/GOVPUB-C13-1103a4790564fba51e14e35e7ee9653a.pdf
=856  40$uhttps://purl.fdlp.gov/GPO/gpo95084
=049  \\$aGPOO
=922  \\$aBatch-processed
=922  \\$aNIST-1$b20180815

