=LDR  01600nam  2200397Ia 45e0
=001  001076762
=003  OCoLC
=005  20180711121003.0
=008  161006s1969\\\\mdu\\\\\ob\\\f000\0\eng\d
=024  8\$aGOVPUB-C13-6f2dce382b667c40abef0951c07794c3
=035  \\$a(OCoLC)959982971
=040  \\$aNBS$beng$erda$cNBS$dOCLCO$dOCLCQ
=086  0\$aC 13.38:9997
=100  1\$aGeil, G. W.
=245  10$aMicroplasticity II :$bmicrostrain behavior of normalized 4340 steel and annealed invar /$cG.W. Geil, I.J. Feinberg.
=264  \1$aGaithersburg, MD :$bU.S. Dept. of Commerce, National Institute of Standards and Technology,$c1969.
=300  \\$a1 online resource.
=336  \\$atext$btxt$2rdacontent
=337  \\$acomputer$bc$2rdamedia
=338  \\$aonline resource$bcr$2rdacarrier
=490  1\$aNBS report ;$v9997
=500  \\$a1969.
=500  \\$aContributed record: Metadata reviewed, not verified. Some fields updated by batch processes.
=500  \\$aTitle from PDF title page.
=504  \\$aIncludes bibliographical references.
=650  \0$aSteel$xPlastic properties$xTesting.
=700  1\$aFeinberg, I. J.
=700  1\$aGeil, G. W.
=710  1\$aUnited States.$bNational Bureau of Standards.
=830  \0$aNBS report ;$v9997.
=856  4\$uhttps://dx.doi.org/10.6028/NBS.RPT.9997
=856  4\$zAddress at time of PURL creation$uhttps://www.govinfo.gov/content/pkg/GOVPUB-C13-6f2dce382b667c40abef0951c07794c3/pdf/GOVPUB-C13-6f2dce382b667c40abef0951c07794c3.pdf
=856  40$uhttps://purl.fdlp.gov/GPO/gpo99144
=049  \\$aGPOO
=922  \\$aBatch-processed
=922  \\$aNIST-1$b20180815

