=LDR  01564nam  2200385Ia 45e0
=001  001076495
=003  OCoLC
=005  20180711120948.0
=008  160829s1969\\\\mdu\\\\\ob\\\f000\0\eng\d
=024  8\$aGOVPUB-C13-2c3d5a1f273e3f4af5f2a8c9ec6f0099
=035  \\$a(OCoLC)957470486
=040  \\$aNBS$beng$erda$cNBS$dOCLCO$dOCLCQ
=086  0\$aC 13.38:10137
=100  1\$aGerhold, W. F.
=245  10$aStress-corrosion behavior of die forged aluminum alloy 7175-T736 :$bprogress report /$cW.F. Gerhold.
=264  \1$aGaithersburg, MD :$bU.S. Dept. of Commerce, National Institute of Standards and Technology,$c1969.
=300  \\$a1 online resource.
=336  \\$atext$btxt$2rdacontent
=337  \\$acomputer$bc$2rdamedia
=338  \\$aonline resource$bcr$2rdacarrier
=490  1\$aNBS report ;$v10137
=500  \\$a1969.
=500  \\$aContributed record: Metadata reviewed, not verified. Some fields updated by batch processes.
=500  \\$aTitle from PDF title page.
=504  \\$aIncludes bibliographical references.
=650  \0$aAluminum alloys$xCorrosion$xTesting.
=700  1\$aGerhold, W. F.
=710  1\$aUnited States.$bNational Bureau of Standards.
=830  \0$aNBS report ;$v10137.
=856  4\$uhttps://dx.doi.org/10.6028/NBS.RPT.10137
=856  4\$zAddress at time of PURL creation$uhttps://www.govinfo.gov/content/pkg/GOVPUB-C13-2c3d5a1f273e3f4af5f2a8c9ec6f0099/pdf/GOVPUB-C13-2c3d5a1f273e3f4af5f2a8c9ec6f0099.pdf
=856  40$uhttps://purl.fdlp.gov/GPO/gpo96193
=049  \\$aGPOO
=922  \\$aBatch-processed
=922  \\$aNIST-1$b20180815

