=LDR  01661nam  2200397Ia 45e0
=001  001076896
=003  OCoLC
=005  20180711121003.0
=008  161006s1969\\\\mdu\\\\\ob\\\f000\0\eng\d
=024  8\$aGOVPUB-C13-9387bb4cfdcf4f1d4b4b3f5c13221e54
=035  \\$a(OCoLC)959982965
=040  \\$aNBS$beng$erda$cNBS$dOCLCO$dOCLCF$dOCLCQ
=086  0\$aC 13.38:9990
=100  1\$aGerhold, W. F.
=245  10$aStress corrosion behavior of high strength corrosion resistant materials :$bprogress report /$cW.F. Gerhold.
=264  \1$aGaithersburg, MD :$bU.S. Dept. of Commerce, National Institute of Standards and Technology,$c1969.
=300  \\$a1 online resource.
=336  \\$atext$btxt$2rdacontent
=337  \\$acomputer$bc$2rdamedia
=338  \\$aonline resource$bcr$2rdacarrier
=490  1\$aNBS report ;$v9990
=500  \\$a1969.
=500  \\$aContributed record: Metadata reviewed, not verified. Some fields updated by batch processes.
=500  \\$aTitle from PDF title page.
=504  \\$aIncludes bibliographical references.
=650  \0$aCorrosion resistant materials$xTesting.
=650  \7$aCorrosion resistant materials$xTesting.$2fast$0(OCoLC)fst00880367
=700  1\$aGerhold, W. F.
=710  1\$aUnited States.$bNational Bureau of Standards.
=830  \0$aNBS report ;$v9990.
=856  4\$uhttps://dx.doi.org/10.6028/NBS.RPT.9990
=856  4\$zAddress at time of PURL creation$uhttps://www.govinfo.gov/content/pkg/GOVPUB-C13-9387bb4cfdcf4f1d4b4b3f5c13221e54/pdf/GOVPUB-C13-9387bb4cfdcf4f1d4b4b3f5c13221e54.pdf
=856  40$uhttps://purl.fdlp.gov/GPO/gpo100762
=049  \\$aGPOO
=922  \\$aBatch-processed
=922  \\$aNIST-1$b20180815

