=LDR  01577nam  2200385Ia 45e0
=001  001077014
=003  OCoLC
=005  20180711120951.0
=008  160829s1969\\\\mdu\\\\\ob\\\f000\0\eng\d
=024  8\$aGOVPUB-C13-b62b31f136279defa33796e8011cc5b6
=035  \\$a(OCoLC)957470627
=040  \\$aNBS$beng$erda$cNBS$dOCLCO$dOCLCQ
=086  0\$aC 13.38:10086
=100  1\$aGerhold, W. F.
=245  10$aTest methods for evaluating the stress corrosion behavior of aluminum alloys :$bprogress report /$cW.F. Gerhold.
=264  \1$aGaithersburg, MD :$bU.S. Dept. of Commerce, National Institute of Standards and Technology,$c1969.
=300  \\$a1 online resource.
=336  \\$atext$btxt$2rdacontent
=337  \\$acomputer$bc$2rdamedia
=338  \\$aonline resource$bcr$2rdacarrier
=490  1\$aNBS report ;$v10086
=500  \\$a1969.
=500  \\$aContributed record: Metadata reviewed, not verified. Some fields updated by batch processes.
=500  \\$aTitle from PDF title page.
=504  \\$aIncludes bibliographical references.
=650  \0$aAluminum alloys$xCorrosion$xTesting.
=700  1\$aGerhold, W. F.
=710  1\$aUnited States.$bNational Bureau of Standards.
=830  \0$aNBS report ;$v10086.
=856  4\$uhttps://dx.doi.org/10.6028/NBS.RPT.10086
=856  4\$zAddress at time of PURL creation$uhttps://www.govinfo.gov/content/pkg/GOVPUB-C13-b62b31f136279defa33796e8011cc5b6/pdf/GOVPUB-C13-b62b31f136279defa33796e8011cc5b6.pdf
=856  40$uhttps://purl.fdlp.gov/GPO/gpo102128
=049  \\$aGPOO
=922  \\$aBatch-processed
=922  \\$aNIST-1$b20180815

