=LDR  01644nam  2200409Ia 45e0
=001  001077232
=003  OCoLC
=005  20180711120950.0
=008  160829s1969\\\\mdu\\\\\ob\\\f000\0\eng\d
=024  8\$aGOVPUB-C13-e9c7a35d8a8358720870f1d13b1833bd
=035  \\$a(OCoLC)957470605
=040  \\$aNBS$beng$erda$cNBS$dOCLCO$dOCLCQ
=086  0\$aC 13.38:10010
=100  1\$aHasko, S.
=245  10$aExamination of mileage measuring devices :$bpreliminary report of a manual for weights and measures officials /$cS. Hasko, C.H. Schreyer.
=264  \1$aGaithersburg, MD :$bU.S. Dept. of Commerce, National Institute of Standards and Technology,$c1969.
=300  \\$a1 online resource.
=336  \\$atext$btxt$2rdacontent
=337  \\$acomputer$bc$2rdamedia
=338  \\$aonline resource$bcr$2rdacarrier
=490  1\$aNBS report ;$v10010
=500  \\$a1969.
=500  \\$aContributed record: Metadata reviewed, not verified. Some fields updated by batch processes.
=500  \\$aTitle from PDF title page.
=504  \\$aIncludes bibliographical references.
=650  \0$aOdometers$xTesting.
=650  \0$aTaximeters$xTesting.
=700  1\$aHasko, S.
=700  1\$aSchreyer, C. H.
=710  1\$aUnited States.$bNational Bureau of Standards.
=830  \0$aNBS report ;$v10010.
=856  4\$uhttps://dx.doi.org/10.6028/NBS.RPT.10010
=856  4\$zAddress at time of PURL creation$uhttps://www.govinfo.gov/content/pkg/GOVPUB-C13-e9c7a35d8a8358720870f1d13b1833bd/pdf/GOVPUB-C13-e9c7a35d8a8358720870f1d13b1833bd.pdf
=856  40$uhttps://purl.fdlp.gov/GPO/gpo104531
=049  \\$aGPOO
=922  \\$aBatch-processed
=922  \\$aNIST-1$b20180815

