=LDR  01564nam  2200397Ia 45e0
=001  001076544
=003  OCoLC
=005  20180711120950.0
=008  160829s1969\\\\mdu\\\\\ob\\\f000\0\eng\d
=024  8\$aGOVPUB-C13-379ed95b54a8960ce63262f0be05a3d7
=035  \\$a(OCoLC)957470593
=040  \\$aNBS$beng$erda$cNBS$dOCLCO$dOCLCQ
=086  0\$aC 13.38:10017
=100  1\$aHicho, G. E.
=245  10$aExamination of M513/M514 fuse sleeves /$cG.E. Hicho, L.C. Smith.
=264  \1$aGaithersburg, MD :$bU.S. Dept. of Commerce, National Institute of Standards and Technology,$c1969.
=300  \\$a1 online resource.
=336  \\$atext$btxt$2rdacontent
=337  \\$acomputer$bc$2rdamedia
=338  \\$aonline resource$bcr$2rdacarrier
=490  1\$aNBS report ;$v10017
=500  \\$a1969.
=500  \\$aContributed record: Metadata reviewed, not verified. Some fields updated by batch processes.
=500  \\$aTitle from PDF title page.
=504  \\$aIncludes bibliographical references.
=650  \0$aAluminum alloys$xStrains and stresses$xTesting.
=700  1\$aHicho, G. E.
=700  1\$aSmith, L. C.
=710  1\$aUnited States.$bNational Bureau of Standards.
=830  \0$aNBS report ;$v10017.
=856  4\$uhttps://dx.doi.org/10.6028/NBS.RPT.10017
=856  4\$zAddress at time of PURL creation$uhttps://www.govinfo.gov/content/pkg/GOVPUB-C13-379ed95b54a8960ce63262f0be05a3d7/pdf/GOVPUB-C13-379ed95b54a8960ce63262f0be05a3d7.pdf
=856  40$uhttps://purl.fdlp.gov/GPO/gpo96676
=049  \\$aGPOO
=922  \\$aBatch-processed
=922  \\$aNIST-1$b20180815

