=LDR  01596nam  2200397Ia 45e0
=001  001076563
=003  OCoLC
=005  20180711120951.0
=008  160829s1969\\\\mdu\\\\\ob\\\f000\0\eng\d
=024  8\$aGOVPUB-C13-3bb5f6f084edafe61c53e565dbc65dd4
=035  \\$a(OCoLC)957470624
=040  \\$aNBS$beng$erda$cNBS$dOCLCO$dOCLCQ
=086  0\$aC 13.38:10072
=100  1\$aMcDowell, H.
=245  10$aSolubility of calcium hydrogen phosphate at 5, 15, 25 and 37 degrees C :$bprogress report /$cH. McDowell, J.R. Sutter, W.E. Brown.
=264  \1$aGaithersburg, MD :$bU.S. Dept. of Commerce, National Institute of Standards and Technology,$c1969.
=300  \\$a1 online resource.
=336  \\$atext$btxt$2rdacontent
=337  \\$acomputer$bc$2rdamedia
=338  \\$aonline resource$bcr$2rdacarrier
=490  1\$aNBS report ;$v10072
=500  \\$a1969.
=500  \\$aContributed record: Metadata reviewed, not verified. Some fields updated by batch processes.
=500  \\$aTitle from PDF title page.
=504  \\$aIncludes bibliographical references.
=700  1\$aBrown, W. E.
=700  1\$aMcDowell, H.
=700  1\$aSutter, J. R.
=710  1\$aUnited States.$bNational Bureau of Standards.
=830  \0$aNBS report ;$v10072.
=856  4\$uhttps://dx.doi.org/10.6028/NBS.RPT.10072
=856  4\$zAddress at time of PURL creation$uhttps://www.govinfo.gov/content/pkg/GOVPUB-C13-3bb5f6f084edafe61c53e565dbc65dd4/pdf/GOVPUB-C13-3bb5f6f084edafe61c53e565dbc65dd4.pdf
=856  40$uhttps://purl.fdlp.gov/GPO/gpo96949
=049  \\$aGPOO
=922  \\$aBatch-processed
=922  \\$aNIST-1$b20180815

