=LDR  01685nam  2200385Ia 45e0
=001  001077093
=003  OCoLC
=005  20180711120950.0
=008  160829s1969\\\\mdu\\\\\ob\\\f000\0\eng\d
=024  8\$aGOVPUB-C13-c904676a81098219a0a1c1131ad769f3
=035  \\$a(OCoLC)957470591
=040  \\$aNBS$beng$erda$cNBS$dOCLCO$dOCLCF$dOCLCQ
=086  0\$aC 13.38:10006
=110  2\$aPhotometry Section.
=245  10$aDevelopment, testing, and evaluation of visual landing aids :$bconsolidated progress report for the period October 1 to December 31, 1968 /$cPhotometry Section.
=264  \1$aGaithersburg, MD :$bU.S. Dept. of Commerce, National Institute of Standards and Technology,$c1969.
=300  \\$a1 online resource.
=336  \\$atext$btxt$2rdacontent
=337  \\$acomputer$bc$2rdamedia
=338  \\$aonline resource$bcr$2rdacarrier
=490  1\$aNBS report ;$v10006
=500  \\$a1969.
=500  \\$aContributed record: Metadata reviewed, not verified. Some fields updated by batch processes.
=500  \\$aTitle from PDF title page.
=504  \\$aIncludes bibliographical references.
=650  \0$aLanding aids (Aeronautics)$xTesting.
=650  \7$aLanding aids (Aeronautics)$xTesting.$2fast$0(OCoLC)fst00991703
=710  1\$aUnited States.$bNational Bureau of Standards.
=830  \0$aNBS report ;$v10006.
=856  4\$uhttps://dx.doi.org/10.6028/NBS.RPT.10006
=856  4\$zAddress at time of PURL creation$uhttps://www.govinfo.gov/content/pkg/GOVPUB-C13-c904676a81098219a0a1c1131ad769f3/pdf/GOVPUB-C13-c904676a81098219a0a1c1131ad769f3.pdf
=856  40$uhttps://purl.fdlp.gov/GPO/gpo102927
=049  \\$aGPOO
=922  \\$aBatch-processed
=922  \\$aNIST-1$b20180815

