=LDR  01592nam  2200397Ia 45e0
=001  001076906
=003  OCoLC
=005  20180711121003.0
=008  161006s1969\\\\mdu\\\\\ob\\\f000\0\eng\d
=024  8\$aGOVPUB-C13-964ade856de7b57e47ecaefeaae9cc2e
=035  \\$a(OCoLC)959982961
=040  \\$aNBS$beng$erda$cNBS$dOCLCO$dOCLCQ
=086  0\$aC 13.38:9971
=100  1\$aShives, T. R.
=245  14$aThe effect of chromium plating on the fatigue properties of transfer plate specimens /$cT.R. Shives, J.A. Bennett, L.C. Smith.
=264  \1$aGaithersburg, MD :$bU.S. Dept. of Commerce, National Institute of Standards and Technology,$c1969.
=300  \\$a1 online resource.
=336  \\$atext$btxt$2rdacontent
=337  \\$acomputer$bc$2rdamedia
=338  \\$aonline resource$bcr$2rdacarrier
=490  1\$aNBS report ;$v9971
=500  \\$a1969.
=500  \\$aContributed record: Metadata reviewed, not verified. Some fields updated by batch processes.
=500  \\$aTitle from PDF title page.
=504  \\$aIncludes bibliographical references.
=700  1\$aBennett, J. A.
=700  1\$aShives, T. R.
=700  1\$aSmith, L. C.
=710  1\$aUnited States.$bNational Bureau of Standards.
=830  \0$aNBS report ;$v9971.
=856  4\$uhttps://dx.doi.org/10.6028/NBS.RPT.9971
=856  4\$zAddress at time of PURL creation$uhttps://www.govinfo.gov/content/pkg/GOVPUB-C13-964ade856de7b57e47ecaefeaae9cc2e/pdf/GOVPUB-C13-964ade856de7b57e47ecaefeaae9cc2e.pdf
=856  40$uhttps://purl.fdlp.gov/GPO/gpo100881
=049  \\$aGPOO
=922  \\$aBatch-processed
=922  \\$aNIST-1$b20180815

