=LDR  01574nam  2200397Ia 45e0
=001  001076388
=003  OCoLC
=005  20180711120951.0
=008  160829s1969\\\\mdu\\\\\ob\\\f000\0\eng\d
=024  8\$aGOVPUB-C13-128838de54ffb17d770a6270c8b91f96
=035  \\$a(OCoLC)957470628
=040  \\$aNBS$beng$erda$cNBS$dOCLCO$dOCLCQ
=086  0\$aC 13.38:10105
=100  1\$aSimeroth, J. W.
=245  10$aField tests of an experimental model visibility meter /$cJ.W. Simeroth, J.C. Wilkerson, J.E. Davis.
=264  \1$aGaithersburg, MD :$bU.S. Dept. of Commerce, National Institute of Standards and Technology,$c1969.
=300  \\$a1 online resource.
=336  \\$atext$btxt$2rdacontent
=337  \\$acomputer$bc$2rdamedia
=338  \\$aonline resource$bcr$2rdacarrier
=490  1\$aNBS report ;$v10105
=500  \\$a1969.
=500  \\$aContributed record: Metadata reviewed, not verified. Some fields updated by batch processes.
=500  \\$aTitle from PDF title page.
=504  \\$aIncludes bibliographical references.
=700  1\$aDavis, J. E.
=700  1\$aSimeroth, J. W.
=700  1\$aWilkerson, J. C.
=710  1\$aUnited States.$bNational Bureau of Standards.
=830  \0$aNBS report ;$v10105.
=856  4\$uhttps://dx.doi.org/10.6028/NBS.RPT.10105
=856  4\$zAddress at time of PURL creation$uhttps://www.govinfo.gov/content/pkg/GOVPUB-C13-128838de54ffb17d770a6270c8b91f96/pdf/GOVPUB-C13-128838de54ffb17d770a6270c8b91f96.pdf
=856  40$uhttps://purl.fdlp.gov/GPO/gpo95003
=049  \\$aGPOO
=922  \\$aBatch-processed
=922  \\$aNIST-1$b20180815

