=LDR  01669nam  2200409Ia 45e0
=001  001076784
=003  OCoLC
=005  20180711120935.0
=008  161006s1969\\\\mdu\\\\\ob\\\f000\0\eng\d
=024  8\$aGOVPUB-C13-7474aa37b34b392959604b158cb663f3
=035  \\$a(OCoLC)959982869
=040  \\$aNBS$beng$erda$cNBS$dOCLCO$dOCLCF$dOCLCQ
=086  0\$aC 13.38:9977
=100  1\$aStrom, S. C.
=245  10$aValuation of telecommunications :$bprogress report for FY 68 with appendices /$cS.C. Strom, Arthur M. Hobbs.
=264  \1$aGaithersburg, MD :$bU.S. Dept. of Commerce, National Institute of Standards and Technology,$c1969.
=300  \\$a1 online resource.
=336  \\$atext$btxt$2rdacontent
=337  \\$acomputer$bc$2rdamedia
=338  \\$aonline resource$bcr$2rdacarrier
=490  1\$aNBS report ;$v9977
=500  \\$a1969.
=500  \\$aContributed record: Metadata reviewed, not verified. Some fields updated by batch processes.
=500  \\$aTitle from PDF title page.
=504  \\$aIncludes bibliographical references.
=650  \0$aTelecommunication$xValuation.
=650  \7$aTelecommunication$xValuation.$2fast$0(OCoLC)fst01145969
=700  1\$aHobbs, Arthur M.
=700  1\$aStrom, S. C.
=710  1\$aUnited States.$bNational Bureau of Standards.
=830  \0$aNBS report ;$v9977.
=856  4\$uhttps://dx.doi.org/10.6028/NBS.RPT.9977
=856  4\$zAddress at time of PURL creation$uhttps://www.govinfo.gov/content/pkg/GOVPUB-C13-7474aa37b34b392959604b158cb663f3/pdf/GOVPUB-C13-7474aa37b34b392959604b158cb663f3.pdf
=856  40$uhttps://purl.fdlp.gov/GPO/gpo99357
=049  \\$aGPOO
=922  \\$aBatch-processed
=922  \\$aNIST-1$b20180815

