=LDR  01770nam  2200409Ia 45e0
=001  001077019
=003  OCoLC
=005  20180711120951.0
=008  160829s1969\\\\mdu\\\\\ob\\\f000\0\eng\d
=024  8\$aGOVPUB-C13-b7a50b1d6fd0837aa952f0f5c5f89058
=035  \\$a(OCoLC)957470629
=040  \\$aNBS$beng$erda$cNBS$dOCLCO$dOCLCF$dOCLCQ
=086  0\$aC 13.38:10111
=110  2\$aTechnical Analysis Division.
=245  10$aAnalysis of a capacity concept for runway and final-approach path airspace /$cTechnical Analysis Division.
=264  \1$aGaithersburg, MD :$bU.S. Dept. of Commerce, National Institute of Standards and Technology,$c1969.
=300  \\$a1 online resource.
=336  \\$atext$btxt$2rdacontent
=337  \\$acomputer$bc$2rdamedia
=338  \\$aonline resource$bcr$2rdacarrier
=490  1\$aNBS report ;$v10111
=500  \\$a1969.
=500  \\$aContributed record: Metadata reviewed, not verified. Some fields updated by batch processes.
=500  \\$aTitle from PDF title page.
=504  \\$aIncludes bibliographical references.
=650  \0$aRunways (Aeronautics)$xTesting.
=650  \0$aTraffic assignment$xMathematical models.
=650  \7$aRunways (Aeronautics)$xTesting.$2fast$0(OCoLC)fst01101444
=650  \7$aTraffic assignment$xMathematical models.$2fast$0(OCoLC)fst01154048
=710  1\$aUnited States.$bNational Bureau of Standards.
=830  \0$aNBS report ;$v10111.
=856  4\$uhttps://dx.doi.org/10.6028/NBS.RPT.10111
=856  4\$zAddress at time of PURL creation$uhttps://www.govinfo.gov/content/pkg/GOVPUB-C13-b7a50b1d6fd0837aa952f0f5c5f89058/pdf/GOVPUB-C13-b7a50b1d6fd0837aa952f0f5c5f89058.pdf
=856  40$uhttps://purl.fdlp.gov/GPO/gpo102199
=049  \\$aGPOO
=922  \\$aBatch-processed
=922  \\$aNIST-1$b20180815

