=LDR  01546nam  2200385Ia 45e0
=001  001076993
=003  OCoLC
=005  20180711120948.0
=008  160829s1969\\\\mdu\\\\\ob\\\f000\0\eng\d
=024  8\$aGOVPUB-C13-b1b40afa80825a209bdac843db7b3ccd
=035  \\$a(OCoLC)957470487
=040  \\$aNBS$beng$erda$cNBS$dOCLCO$dOCLCQ
=086  0\$aC 13.38:10138
=100  1\$aUgiansky, G. M.
=245  10$aFailure of hygrothermometer thermal shield top mounting plate /$cG.M. Ugiansky.
=264  \1$aGaithersburg, MD :$bU.S. Dept. of Commerce, National Institute of Standards and Technology,$c1969.
=300  \\$a1 online resource.
=336  \\$atext$btxt$2rdacontent
=337  \\$acomputer$bc$2rdamedia
=338  \\$aonline resource$bcr$2rdacarrier
=490  1\$aNBS report ;$v10138
=500  \\$a1969.
=500  \\$aContributed record: Metadata reviewed, not verified. Some fields updated by batch processes.
=500  \\$aTitle from PDF title page.
=504  \\$aIncludes bibliographical references.
=650  \0$aAluminum alloys$xCorrosion$xTesting.
=700  1\$aUgiansky, G. M.
=710  1\$aUnited States.$bNational Bureau of Standards.
=830  \0$aNBS report ;$v10138.
=856  4\$uhttps://dx.doi.org/10.6028/NBS.RPT.10138
=856  4\$zAddress at time of PURL creation$uhttps://www.govinfo.gov/content/pkg/GOVPUB-C13-b1b40afa80825a209bdac843db7b3ccd/pdf/GOVPUB-C13-b1b40afa80825a209bdac843db7b3ccd.pdf
=856  40$uhttps://purl.fdlp.gov/GPO/gpo101950
=049  \\$aGPOO
=922  \\$aBatch-processed
=922  \\$aNIST-1$b20180815

