=LDR  01595nam  2200373Ia 45e0
=001  001076863
=003  OCoLC
=005  20180711120951.0
=008  160829s1969\\\\mdu\\\\\ob\\\f000\0\eng\d
=024  8\$aGOVPUB-C13-8b8f7ce805979dec95241c9867604cfa
=035  \\$a(OCoLC)957470626
=040  \\$aNBS$beng$erda$cNBS$dOCLCO$dOCLCQ
=086  0\$aC 13.38:10080
=110  1\$aUnited States.$bNational Bureau of Standards.
=245  10$aProjects and publications of the Applied Mathematics Division :$ba semi-annual report January through June 1969 /$cNational Bureau of Standards.
=264  \1$aGaithersburg, MD :$bU.S. Dept. of Commerce, National Institute of Standards and Technology,$c1969.
=300  \\$a1 online resource.
=336  \\$atext$btxt$2rdacontent
=337  \\$acomputer$bc$2rdamedia
=338  \\$aonline resource$bcr$2rdacarrier
=490  1\$aNBS report ;$v10080
=500  \\$a1969.
=500  \\$aContributed record: Metadata reviewed, not verified. Some fields updated by batch processes.
=500  \\$aTitle from PDF title page.
=504  \\$aIncludes bibliographical references.
=650  \0$aMathematics$xResearch.
=710  1\$aUnited States.$bNational Bureau of Standards.
=830  \0$aNBS report ;$v10080.
=856  4\$uhttps://dx.doi.org/10.6028/NBS.RPT.10080
=856  4\$zAddress at time of PURL creation$uhttps://www.govinfo.gov/content/pkg/GOVPUB-C13-8b8f7ce805979dec95241c9867604cfa/pdf/GOVPUB-C13-8b8f7ce805979dec95241c9867604cfa.pdf
=856  40$uhttps://purl.fdlp.gov/GPO/gpo100443
=049  \\$aGPOO
=922  \\$aBatch-processed
=922  \\$aNIST-1$b20180815

