=LDR  01712nam  2200421Ia 45e0
=001  001077263
=003  OCoLC
=005  20180711120941.0
=008  160829s1969\\\\mdu\\\\\ob\\\f000\0\eng\d
=024  8\$aGOVPUB-C13-f1007c0b1e712e5cb6a1a5146ed3eeda
=035  \\$a(OCoLC)957470166
=040  \\$aNBS$beng$erda$cNBS$dOCLCO$dOCLCF$dOCLCQ
=086  0\$aC 13.38:10039
=100  1\$aWall, A. C.
=245  12$aA narrow beam deck floodlight /$cA.C. Wall.
=264  \1$aGaithersburg, MD :$bU.S. Dept. of Commerce, National Institute of Standards and Technology,$c1969.
=300  \\$a1 online resource.
=336  \\$atext$btxt$2rdacontent
=337  \\$acomputer$bc$2rdamedia
=338  \\$aonline resource$bcr$2rdacarrier
=490  1\$aNBS report ;$v10039
=500  \\$a1969.
=500  \\$aContributed record: Metadata reviewed, not verified. Some fields updated by batch processes.
=500  \\$aTitle from PDF title page.
=504  \\$aIncludes bibliographical references.
=650  \0$aAircraft carriers$xFlight decks.
=650  \0$aLanding aids (Aeronautics)$xTesting.
=650  \7$aAircraft carriers$xFlight decks.$2fast$0(OCoLC)fst00802807
=650  \7$aLanding aids (Aeronautics)$xTesting.$2fast$0(OCoLC)fst00991703
=700  1\$aWall, A. C.
=710  1\$aUnited States.$bNational Bureau of Standards.
=830  \0$aNBS report ;$v10039.
=856  4\$uhttps://dx.doi.org/10.6028/NBS.RPT.10039
=856  4\$zAddress at time of PURL creation$uhttps://www.govinfo.gov/content/pkg/GOVPUB-C13-f1007c0b1e712e5cb6a1a5146ed3eeda/pdf/GOVPUB-C13-f1007c0b1e712e5cb6a1a5146ed3eeda.pdf
=856  40$uhttps://purl.fdlp.gov/GPO/gpo104829
=049  \\$aGPOO
=922  \\$aBatch-processed
=922  \\$aNIST-1$b20180815

