=LDR  01763nam  2200421Ia 45e0
=001  001076573
=003  OCoLC
=005  20180711120951.0
=008  160829s1969\\\\mdu\\\\\ob\\\f000\0\eng\d
=024  8\$aGOVPUB-C13-3ec349e75308bcaabd4996ff8624ca1b
=035  \\$a(OCoLC)957470623
=040  \\$aNBS$beng$erda$cNBS$dOCLCO$dOCLCQ$dOCLCF
=086  0\$aC 13.38:10069
=100  1\$aYoung, J. P.
=245  10$aCompatibility of protective coatings, materials, and liquid propellants :$bquarterly progress report no. 14 - April 1 to June 30, 1969 /$cJ.P. Young, G.I. Reid.
=264  \1$aGaithersburg, MD :$bU.S. Dept. of Commerce, National Institute of Standards and Technology,$c1969.
=300  \\$a1 online resource.
=336  \\$atext$btxt$2rdacontent
=337  \\$acomputer$bc$2rdamedia
=338  \\$aonline resource$bcr$2rdacarrier
=490  1\$aNBS report ;$v10069
=500  \\$a1969.
=500  \\$aContributed record: Metadata reviewed, not verified. Some fields updated by batch processes.
=500  \\$aTitle from PDF title page.
=504  \\$aIncludes bibliographical references.
=650  \0$aMaraging steel$xCorrosion.
=650  \0$aProtective coatings$xTesting.
=650  \7$aProtective coatings$xTesting.$2fast$0(OCoLC)fst01079653
=700  1\$aReid, G. I.
=700  1\$aYoung, J. P.
=710  1\$aUnited States.$bNational Bureau of Standards.
=830  \0$aNBS report ;$v10069.
=856  4\$uhttps://dx.doi.org/10.6028/NBS.RPT.10069
=856  4\$zAddress at time of PURL creation$uhttps://www.govinfo.gov/content/pkg/GOVPUB-C13-3ec349e75308bcaabd4996ff8624ca1b/pdf/GOVPUB-C13-3ec349e75308bcaabd4996ff8624ca1b.pdf
=856  40$uhttps://purl.fdlp.gov/GPO/gpo97040
=049  \\$aGPOO
=922  \\$aBatch-processed
=922  \\$aNIST-1$b20180815

