=LDR  01601nam  2200397Ia 45e0
=001  001076353
=003  OCoLC
=005  20180711120952.0
=008  160829s1970\\\\mdu\\\\\ob\\\f000\0\eng\d
=024  8\$aGOVPUB-C13-062b6cffabb3ec9fcdafb13adc687be1
=035  \\$a(OCoLC)957470664
=040  \\$aNBS$beng$erda$cNBS$dOCLCO$dOCLCQ
=086  0\$aC 13.38:10377
=100  1\$aChandler, H. H.
=245  10$aPoor mercury hygiene from ultrasonic amalgam condensation :$bprogress report /$cH.H. Chandler, N.W. Rupp, G.C. Paffenbarger.
=264  \1$aGaithersburg, MD :$bU.S. Dept. of Commerce, National Institute of Standards and Technology,$c1970.
=300  \\$a1 online resource.
=336  \\$atext$btxt$2rdacontent
=337  \\$acomputer$bc$2rdamedia
=338  \\$aonline resource$bcr$2rdacarrier
=490  1\$aNBS report ;$v10377
=500  \\$a1970.
=500  \\$aContributed record: Metadata reviewed, not verified. Some fields updated by batch processes.
=500  \\$aTitle from PDF title page.
=504  \\$aIncludes bibliographical references.
=700  1\$aChandler, H. H.
=700  1\$aPaffenbarger, G. C.
=700  1\$aRupp, N. W.
=710  1\$aUnited States.$bNational Bureau of Standards.
=830  \0$aNBS report ;$v10377.
=856  4\$uhttps://dx.doi.org/10.6028/NBS.RPT.10377
=856  4\$zAddress at time of PURL creation$uhttps://www.govinfo.gov/content/pkg/GOVPUB-C13-062b6cffabb3ec9fcdafb13adc687be1/pdf/GOVPUB-C13-062b6cffabb3ec9fcdafb13adc687be1.pdf
=856  40$uhttps://purl.fdlp.gov/GPO/gpo94517
=049  \\$aGPOO
=922  \\$aBatch-processed
=922  \\$aNIST-1$b20180815

