=LDR  01600nam  2200397Ia 45e0
=001  001076744
=003  OCoLC
=005  20180711120951.0
=008  160829s1970\\\\mdu\\\\\ob\\\f000\0\eng\d
=024  8\$aGOVPUB-C13-6884f033028af7c5ead26cefe6301f80
=035  \\$a(OCoLC)957470656
=040  \\$aNBS$beng$erda$cNBS$dOCLCO$dOCLCQ
=086  0\$aC 13.38:10278
=100  1\$aChandler, H. H.
=245  12$aA method for finishing composite restorative materials :$bprogress report /$cH.H. Chandler, R.L. Bowen, G.C. Paffenbarger.
=264  \1$aGaithersburg, MD :$bU.S. Dept. of Commerce, National Institute of Standards and Technology,$c1970.
=300  \\$a1 online resource.
=336  \\$atext$btxt$2rdacontent
=337  \\$acomputer$bc$2rdamedia
=338  \\$aonline resource$bcr$2rdacarrier
=490  1\$aNBS report ;$v10278
=500  \\$a1970.
=500  \\$aContributed record: Metadata reviewed, not verified. Some fields updated by batch processes.
=500  \\$aTitle from PDF title page.
=504  \\$aIncludes bibliographical references.
=700  1\$aBowen, R. L.
=700  1\$aChandler, H. H.
=700  1\$aPaffenbarger, G. C.
=710  1\$aUnited States.$bNational Bureau of Standards.
=830  \0$aNBS report ;$v10278.
=856  4\$uhttps://dx.doi.org/10.6028/NBS.RPT.10278
=856  4\$zAddress at time of PURL creation$uhttps://www.govinfo.gov/content/pkg/GOVPUB-C13-6884f033028af7c5ead26cefe6301f80/pdf/GOVPUB-C13-6884f033028af7c5ead26cefe6301f80.pdf
=856  40$uhttps://purl.fdlp.gov/GPO/gpo98895
=049  \\$aGPOO
=922  \\$aBatch-processed
=922  \\$aNIST-1$b20180815

