=LDR  01504nam  2200385Ia 45e0
=001  001076726
=003  OCoLC
=005  20180711120951.0
=008  160829s1970\\\\mdu\\\\\ob\\\f000\0\eng\d
=024  8\$aGOVPUB-C13-646cb23a5a752898b46bb4029d4f7b24
=035  \\$a(OCoLC)957470632
=040  \\$aNBS$beng$erda$cNBS$dOCLCO$dOCLCQ
=086  0\$aC 13.38:10146
=100  1\$aHorn, W. A.
=245  10$aOptimal design of sorting networks /$cW.A. Horn.
=264  \1$aGaithersburg, MD :$bU.S. Dept. of Commerce, National Institute of Standards and Technology,$c1970.
=300  \\$a1 online resource.
=336  \\$atext$btxt$2rdacontent
=337  \\$acomputer$bc$2rdamedia
=338  \\$aonline resource$bcr$2rdacarrier
=490  1\$aNBS report ;$v10146
=500  \\$a1970.
=500  \\$aContributed record: Metadata reviewed, not verified. Some fields updated by batch processes.
=500  \\$aTitle from PDF title page.
=504  \\$aIncludes bibliographical references.
=650  \0$aMail sorting$xMathematical models.
=700  1\$aHorn, W. A.
=710  1\$aUnited States.$bNational Bureau of Standards.
=830  \0$aNBS report ;$v10146.
=856  4\$uhttps://dx.doi.org/10.6028/NBS.RPT.10146
=856  4\$zAddress at time of PURL creation$uhttps://www.govinfo.gov/content/pkg/GOVPUB-C13-646cb23a5a752898b46bb4029d4f7b24/pdf/GOVPUB-C13-646cb23a5a752898b46bb4029d4f7b24.pdf
=856  40$uhttps://purl.fdlp.gov/GPO/gpo98736
=049  \\$aGPOO
=922  \\$aBatch-processed
=922  \\$aNIST-1$b20180815

