=LDR  01694nam  2200409Ia 45e0
=001  001076834
=003  OCoLC
=005  20180711120951.0
=008  160829s1970\\\\mdu\\\\\ob\\\f000\0\eng\d
=024  8\$aGOVPUB-C13-825f915e810cb57233b874365d1ac10f
=035  \\$a(OCoLC)957470653
=040  \\$aNBS$beng$erda$cNBS$dOCLCO$dOCLCQ$dOCLCF
=086  0\$aC 13.38:10275
=100  1\$aLoebenstein, William V.
=245  10$aHeats of adsorption of ammonia and carbon dioxide on tooth components :$bprogress report /$cWilliam V. Loebenstein.
=264  \1$aGaithersburg, MD :$bU.S. Dept. of Commerce, National Institute of Standards and Technology,$c1970.
=300  \\$a1 online resource.
=336  \\$atext$btxt$2rdacontent
=337  \\$acomputer$bc$2rdamedia
=338  \\$aonline resource$bcr$2rdacarrier
=490  1\$aNBS report ;$v10275
=500  \\$a1970.
=500  \\$aContributed record: Metadata reviewed, not verified. Some fields updated by batch processes.
=500  \\$aTitle from PDF title page.
=504  \\$aIncludes bibliographical references.
=650  \0$aDental adhesives$xTesting.
=650  \0$aDentistry$xResearch.
=650  \7$aDentistry$xResearch.$2fast$0(OCoLC)fst00890671
=700  1\$aLoebenstein, William V.
=710  1\$aUnited States.$bNational Bureau of Standards.
=830  \0$aNBS report ;$v10275.
=856  4\$uhttps://dx.doi.org/10.6028/NBS.RPT.10275
=856  4\$zAddress at time of PURL creation$uhttps://www.govinfo.gov/content/pkg/GOVPUB-C13-825f915e810cb57233b874365d1ac10f/pdf/GOVPUB-C13-825f915e810cb57233b874365d1ac10f.pdf
=856  40$uhttps://purl.fdlp.gov/GPO/gpo99910
=049  \\$aGPOO
=922  \\$aBatch-processed
=922  \\$aNIST-1$b20180815

