=LDR  01636nam  2200397Ia 45e0
=001  001076942
=003  OCoLC
=005  20180711120948.0
=008  160829s1970\\\\mdu\\\\\ob\\\f000\0\eng\d
=024  8\$aGOVPUB-C13-a43504cbe8279b204a025981c70f4349
=035  \\$a(OCoLC)957470488
=040  \\$aNBS$beng$erda$cNBS$dOCLCO$dOCLCQ
=086  0\$aC 13.38:10270
=100  1\$aOgburn, Fielding.
=245  10$aMeasurement of thickness of chromium on currency printing plates :$btechnical report - January 1 to June 30, 1970 /$cFielding Ogburn.
=264  \1$aGaithersburg, MD :$bU.S. Dept. of Commerce, National Institute of Standards and Technology,$c1970.
=300  \\$a1 online resource.
=336  \\$atext$btxt$2rdacontent
=337  \\$acomputer$bc$2rdamedia
=338  \\$aonline resource$bcr$2rdacarrier
=490  1\$aNBS report ;$v10270
=500  \\$a1970.
=500  \\$aContributed record: Metadata reviewed, not verified. Some fields updated by batch processes.
=500  \\$aTitle from PDF title page.
=504  \\$aIncludes bibliographical references.
=650  \0$aChromium-plating$xTesting.
=650  \0$aPrinting plates$xTesting.
=700  1\$aOgburn, Fielding.
=710  1\$aUnited States.$bNational Bureau of Standards.
=830  \0$aNBS report ;$v10270.
=856  4\$uhttps://dx.doi.org/10.6028/NBS.RPT.10270
=856  4\$zAddress at time of PURL creation$uhttps://www.govinfo.gov/content/pkg/GOVPUB-C13-a43504cbe8279b204a025981c70f4349/pdf/GOVPUB-C13-a43504cbe8279b204a025981c70f4349.pdf
=856  40$uhttps://purl.fdlp.gov/GPO/gpo101406
=049  \\$aGPOO
=922  \\$aBatch-processed
=922  \\$aNIST-1$b20180815

