=LDR  01611nam  2200397Ia 45e0
=001  001076803
=003  OCoLC
=005  20180711120949.0
=008  160829s1970\\\\mdu\\\\\ob\\\f000\0\eng\d
=024  8\$aGOVPUB-C13-7905b8217cb0178f57c91347f1606ac0
=035  \\$a(OCoLC)957470536
=040  \\$aNBS$beng$erda$cNBS$dOCLCO$dOCLCF$dOCLCQ
=086  0\$aC 13.38:10294
=100  1\$aOglesby, Philip L.
=245  10$aMechanical properties - viscoelastic methods :$bprogress report /$cPhilip L. Oglesby.
=264  \1$aGaithersburg, MD :$bU.S. Dept. of Commerce, National Institute of Standards and Technology,$c1970.
=300  \\$a1 online resource.
=336  \\$atext$btxt$2rdacontent
=337  \\$acomputer$bc$2rdamedia
=338  \\$aonline resource$bcr$2rdacarrier
=490  1\$aNBS report ;$v10294
=500  \\$a1970.
=500  \\$aContributed record: Metadata reviewed, not verified. Some fields updated by batch processes.
=500  \\$aTitle from PDF title page.
=504  \\$aIncludes bibliographical references.
=650  \0$aDentistry$xResearch.
=650  \7$aDentistry$xResearch.$2fast$0(OCoLC)fst00890671
=700  1\$aOglesby, Philip L.
=710  1\$aUnited States.$bNational Bureau of Standards.
=830  \0$aNBS report ;$v10294.
=856  4\$uhttps://dx.doi.org/10.6028/NBS.RPT.10294
=856  4\$zAddress at time of PURL creation$uhttps://www.govinfo.gov/content/pkg/GOVPUB-C13-7905b8217cb0178f57c91347f1606ac0/pdf/GOVPUB-C13-7905b8217cb0178f57c91347f1606ac0.pdf
=856  40$uhttps://purl.fdlp.gov/GPO/gpo99558
=049  \\$aGPOO
=922  \\$aBatch-processed
=922  \\$aNIST-1$b20180815

