=LDR  01635nam  2200397Ia 45e0
=001  001077048
=003  OCoLC
=005  20180711120939.0
=008  160829s1970\\\\mdu\\\\\ob\\\f000\0\eng\d
=024  8\$aGOVPUB-C13-bf4853baab2603046ea7d75c227a31c7
=035  \\$a(OCoLC)957469515
=040  \\$aNBS$beng$erda$cNBS$dOCLCO$dOCLCQ
=086  0\$aC 13.38:10360
=100  1\$aPilling, M. J.
=245  12$aA curve of growth determination of the F-values for the fourth positive system of CO and the Lyman-Birge-Hopfield System of N sub 2 /$cM.J. Pilling, A.M. Bass, W. Braun.
=264  \1$aGaithersburg, MD :$bU.S. Dept. of Commerce, National Institute of Standards and Technology,$c1970.
=300  \\$a1 online resource.
=336  \\$atext$btxt$2rdacontent
=337  \\$acomputer$bc$2rdamedia
=338  \\$aonline resource$bcr$2rdacarrier
=490  1\$aNBS report ;$v10360
=500  \\$a1970.
=500  \\$aContributed record: Metadata reviewed, not verified. Some fields updated by batch processes.
=500  \\$aTitle from PDF title page.
=504  \\$aIncludes bibliographical references.
=700  1\$aBass, A. M.
=700  1\$aBraun, W.
=700  1\$aPilling, M. J.
=710  1\$aUnited States.$bNational Bureau of Standards.
=830  \0$aNBS report ;$v10360.
=856  4\$uhttps://dx.doi.org/10.6028/NBS.RPT.10360
=856  4\$zAddress at time of PURL creation$uhttps://www.govinfo.gov/content/pkg/GOVPUB-C13-bf4853baab2603046ea7d75c227a31c7/pdf/GOVPUB-C13-bf4853baab2603046ea7d75c227a31c7.pdf
=856  40$uhttps://purl.fdlp.gov/GPO/gpo102506
=049  \\$aGPOO
=922  \\$aBatch-processed
=922  \\$aNIST-1$b20180815

