=LDR  01595nam  2200373Ia 45e0
=001  001076885
=003  OCoLC
=005  20180711120939.0
=008  160829s1970\\\\mdu\\\\\ob\\\f000\0\eng\d
=024  8\$aGOVPUB-C13-922726c92c13d14de43eeb9df180c553
=035  \\$a(OCoLC)957469514
=040  \\$aNBS$beng$erda$cNBS$dOCLCO$dOCLCQ
=086  0\$aC 13.38:10350
=110  1\$aUnited States.$bNational Bureau of Standards.
=245  10$aProjects and publications of the Applied Mathematics Division :$ba semi-annual report January through June 1970 /$cNational Bureau of Standards.
=264  \1$aGaithersburg, MD :$bU.S. Dept. of Commerce, National Institute of Standards and Technology,$c1970.
=300  \\$a1 online resource.
=336  \\$atext$btxt$2rdacontent
=337  \\$acomputer$bc$2rdamedia
=338  \\$aonline resource$bcr$2rdacarrier
=490  1\$aNBS report ;$v10350
=500  \\$a1970.
=500  \\$aContributed record: Metadata reviewed, not verified. Some fields updated by batch processes.
=500  \\$aTitle from PDF title page.
=504  \\$aIncludes bibliographical references.
=650  \0$aMathematics$xResearch.
=710  1\$aUnited States.$bNational Bureau of Standards.
=830  \0$aNBS report ;$v10350.
=856  4\$uhttps://dx.doi.org/10.6028/NBS.RPT.10350
=856  4\$zAddress at time of PURL creation$uhttps://www.govinfo.gov/content/pkg/GOVPUB-C13-922726c92c13d14de43eeb9df180c553/pdf/GOVPUB-C13-922726c92c13d14de43eeb9df180c553.pdf
=856  40$uhttps://purl.fdlp.gov/GPO/gpo100702
=049  \\$aGPOO
=922  \\$aBatch-processed
=922  \\$aNIST-1$b20180815

