=LDR  01693nam  2200409Ia 45e0
=001  001076793
=003  OCoLC
=005  20180711120956.0
=008  161006s1971\\\\mdu\\\\\ob\\\f000\0\eng\d
=024  8\$aGOVPUB-C13-7677893d7fbb7a802876100250d6a660
=035  \\$a(OCoLC)959982523
=040  \\$aNBS$beng$erda$cNBS$dOCLCO$dOCLCF$dOCLCQ
=086  0\$aC 13.38:10578
=100  1\$aArgentar, H.
=245  10$aConfirmation of the structure of previously reported tertiary aromatic amine accelerators with molecular weights above 400 /$cH. Argentar, R.L. Bowen.
=264  \1$aGaithersburg, MD :$bU.S. Dept. of Commerce, National Institute of Standards and Technology,$c1971.
=300  \\$a1 online resource.
=336  \\$atext$btxt$2rdacontent
=337  \\$acomputer$bc$2rdamedia
=338  \\$aonline resource$bcr$2rdacarrier
=490  1\$aNBS report ;$v10578
=500  \\$a1971.
=500  \\$aContributed record: Metadata reviewed, not verified. Some fields updated by batch processes.
=500  \\$aTitle from PDF title page.
=504  \\$aIncludes bibliographical references.
=650  \0$aDentistry$xResearch.
=650  \7$aDentistry$xResearch.$2fast$0(OCoLC)fst00890671
=700  1\$aArgentar, H.
=700  1\$aBowen, R. L.
=710  1\$aUnited States.$bNational Bureau of Standards.
=830  \0$aNBS report ;$v10578.
=856  4\$uhttps://dx.doi.org/10.6028/NBS.RPT.10578
=856  4\$zAddress at time of PURL creation$uhttps://www.govinfo.gov/content/pkg/GOVPUB-C13-7677893d7fbb7a802876100250d6a660/pdf/GOVPUB-C13-7677893d7fbb7a802876100250d6a660.pdf
=856  40$uhttps://purl.fdlp.gov/GPO/gpo99444
=049  \\$aGPOO
=922  \\$aBatch-processed
=922  \\$aNIST-1$b20180815

