=LDR  01753nam  2200421Ia 45e0
=001  001077150
=003  OCoLC
=005  20180711120955.0
=008  161006s1971\\\\mdu\\\\\ob\\\f000\0\eng\d
=024  8\$aGOVPUB-C13-d4bfc122671459e3954b8945cbdcb64a
=035  \\$a(OCoLC)959982487
=040  \\$aNBS$beng$erda$cNBS$dOCLCO$dOCLCF$dOCLCQ
=086  0\$aC 13.38:10487
=100  1\$aArmstrong, George T.
=245  10$aThermodynamic data for industrial incinerators :$bwith guides to the use of the tables /$cGeorge T. Armstrong, Eugene S. Domalski.
=264  \1$aGaithersburg, MD :$bU.S. Dept. of Commerce, National Institute of Standards and Technology,$c1971.
=300  \\$a1 online resource.
=336  \\$atext$btxt$2rdacontent
=337  \\$acomputer$bc$2rdamedia
=338  \\$aonline resource$bcr$2rdacarrier
=490  1\$aNBS report ;$v10487
=500  \\$a1971.
=500  \\$aContributed record: Metadata reviewed, not verified. Some fields updated by batch processes.
=500  \\$aTitle from PDF title page.
=504  \\$aIncludes bibliographical references.
=650  \0$aThermodynamics$xTables (Data)
=650  \7$aThermodynamics.$2fast$0(OCoLC)fst01149832
=655  \7$aTables (Data)$2fast$0(OCoLC)fst01919974
=700  1\$aArmstrong, George T.
=700  1\$aDomalski, E. S.
=710  1\$aUnited States.$bNational Bureau of Standards.
=830  \0$aNBS report ;$v10487.
=856  4\$uhttps://dx.doi.org/10.6028/NBS.RPT.10487
=856  4\$zAddress at time of PURL creation$uhttps://www.govinfo.gov/content/pkg/GOVPUB-C13-d4bfc122671459e3954b8945cbdcb64a/pdf/GOVPUB-C13-d4bfc122671459e3954b8945cbdcb64a.pdf
=856  40$uhttps://purl.fdlp.gov/GPO/gpo103391
=049  \\$aGPOO
=922  \\$aBatch-processed
=922  \\$aNIST-1$b20180815

