=LDR  01857nam  2200409Ia 45e0
=001  001076352
=003  OCoLC
=005  20180711120934.0
=008  161006s1971\\\\mdu\\\\\ob\\\f000\0\eng\d
=024  8\$aGOVPUB-C13-05e9c1c6203da9a24196c0cfe6aa4727
=035  \\$a(OCoLC)959982324
=040  \\$aNBS$beng$erda$cNBS$dOCLCO$dOCLCF$dOCLCQ
=086  0\$aC 13.38:10456
=100  1\$aBowen, R. L.
=245  12$aA stabilizing comonomer :$bII. Stabilization and polymerization characteristics : The previous reports in this series have the NBS report nos. 6297, 6484, 6645, 6928, 7093, 7192, 7437, 7587, 7796, 8033, 8186, 8504, 8628, 8919, 9028, 9389, 9500, 9601, 9803, 9905, 10004, 10074 and 10326. /$cR.L. Bowen, H. Argentar.
=264  \1$aGaithersburg, MD :$bU.S. Dept. of Commerce, National Institute of Standards and Technology,$c1971.
=300  \\$a1 online resource.
=336  \\$atext$btxt$2rdacontent
=337  \\$acomputer$bc$2rdamedia
=338  \\$aonline resource$bcr$2rdacarrier
=490  1\$aNBS report ;$v10456
=500  \\$a1971.
=500  \\$aContributed record: Metadata reviewed, not verified. Some fields updated by batch processes.
=500  \\$aTitle from PDF title page.
=504  \\$aIncludes bibliographical references.
=650  \0$aDentistry$xResearch.
=650  \7$aDentistry$xResearch.$2fast$0(OCoLC)fst00890671
=700  1\$aArgentar, H.
=700  1\$aBowen, R. L.
=710  1\$aUnited States.$bNational Bureau of Standards.
=830  \0$aNBS report ;$v10456.
=856  4\$uhttps://dx.doi.org/10.6028/NBS.RPT.10456
=856  4\$zAddress at time of PURL creation$uhttps://www.govinfo.gov/content/pkg/GOVPUB-C13-05e9c1c6203da9a24196c0cfe6aa4727/pdf/GOVPUB-C13-05e9c1c6203da9a24196c0cfe6aa4727.pdf
=856  40$uhttps://purl.fdlp.gov/GPO/gpo94620
=049  \\$aGPOO
=922  \\$aBatch-processed
=922  \\$aNIST-1$b20180815

