=LDR  01565nam  2200397Ia 45e0
=001  001076819
=003  OCoLC
=005  20180711120956.0
=008  161006s1971\\\\mdu\\\\\ob\\\f000\0\eng\d
=024  8\$aGOVPUB-C13-7dfa2b1a21c42d6b28cd0d11e1f87de8
=035  \\$a(OCoLC)959982537
=040  \\$aNBS$beng$erda$cNBS$dOCLCO$dOCLCQ
=086  0\$aC 13.38:10598
=100  1\$aBowen, R. L.
=245  10$aAdhesive restorative materials :$bprogress report /$cR.L. Bowen, J.A. Barton, A.L. Mullineaux.
=264  \1$aGaithersburg, MD :$bU.S. Dept. of Commerce, National Institute of Standards and Technology,$c1971.
=300  \\$a1 online resource.
=336  \\$atext$btxt$2rdacontent
=337  \\$acomputer$bc$2rdamedia
=338  \\$aonline resource$bcr$2rdacarrier
=490  1\$aNBS report ;$v10598
=500  \\$a1971.
=500  \\$aContributed record: Metadata reviewed, not verified. Some fields updated by batch processes.
=500  \\$aTitle from PDF title page.
=504  \\$aIncludes bibliographical references.
=700  1\$aBarton, J. A.
=700  1\$aBowen, R. L.
=700  1\$aMullineaux, A. L.
=710  1\$aUnited States.$bNational Bureau of Standards.
=830  \0$aNBS report ;$v10598.
=856  4\$uhttps://dx.doi.org/10.6028/NBS.RPT.10598
=856  4\$zAddress at time of PURL creation$uhttps://www.govinfo.gov/content/pkg/GOVPUB-C13-7dfa2b1a21c42d6b28cd0d11e1f87de8/pdf/GOVPUB-C13-7dfa2b1a21c42d6b28cd0d11e1f87de8.pdf
=856  40$uhttps://purl.fdlp.gov/GPO/gpo99741
=049  \\$aGPOO
=922  \\$aBatch-processed
=922  \\$aNIST-1$b20180815

