=LDR  01662nam  2200409Ia 45e0
=001  001077199
=003  OCoLC
=005  20180711120956.0
=008  161006s1971\\\\mdu\\\\\ob\\\f000\0\eng\d
=024  8\$aGOVPUB-C13-df3b60795a06c5c746e089f28b99bf7e
=035  \\$a(OCoLC)959982497
=040  \\$aNBS$beng$erda$cNBS$dOCLCO$dOCLCF$dOCLCQ
=086  0\$aC 13.38:10580
=100  1\$aBowen, R. L.
=245  12$aA new series of X-ray-opaque reinforcing fillers for composite materials :$bprogress report /$cR.L. Bowen, G.W. Cleek.
=264  \1$aGaithersburg, MD :$bU.S. Dept. of Commerce, National Institute of Standards and Technology,$c1971.
=300  \\$a1 online resource.
=336  \\$atext$btxt$2rdacontent
=337  \\$acomputer$bc$2rdamedia
=338  \\$aonline resource$bcr$2rdacarrier
=490  1\$aNBS report ;$v10580
=500  \\$a1971.
=500  \\$aContributed record: Metadata reviewed, not verified. Some fields updated by batch processes.
=500  \\$aTitle from PDF title page.
=504  \\$aIncludes bibliographical references.
=650  \0$aDentistry$xResearch.
=650  \7$aDentistry$xResearch.$2fast$0(OCoLC)fst00890671
=700  1\$aBowen, R. L.
=700  1\$aCleek, G. W.
=710  1\$aUnited States.$bNational Bureau of Standards.
=830  \0$aNBS report ;$v10580.
=856  4\$uhttps://dx.doi.org/10.6028/NBS.RPT.10580
=856  4\$zAddress at time of PURL creation$uhttps://www.govinfo.gov/content/pkg/GOVPUB-C13-df3b60795a06c5c746e089f28b99bf7e/pdf/GOVPUB-C13-df3b60795a06c5c746e089f28b99bf7e.pdf
=856  40$uhttps://purl.fdlp.gov/GPO/gpo104081
=049  \\$aGPOO
=922  \\$aBatch-processed
=922  \\$aNIST-1$b20180815

