=LDR  01823nam  2200421Ia 45e0
=001  001077211
=003  OCoLC
=005  20180711120956.0
=008  161006s1971\\\\mdu\\\\\ob\\\f000\0\eng\d
=024  8\$aGOVPUB-C13-e1d4804e158fec21c84eff69afe7a98f
=035  \\$a(OCoLC)959982500
=040  \\$aNBS$beng$erda$cNBS$dOCLCO$dOCLCQ$dOCLCO$dOCLCF
=086  0\$aC 13.38:10583
=100  1\$aBrady, E. L.
=245  10$aUtilization of the industrial technology capability of the National Bureau of Standards :$breport on phase I of Project Implementation Order Entitled /$cE.L. Brady, Steffen Peiser.
=264  \1$aGaithersburg, MD :$bU.S. Dept. of Commerce, National Institute of Standards and Technology,$c1971.
=300  \\$a1 online resource.
=336  \\$atext$btxt$2rdacontent
=337  \\$acomputer$bc$2rdamedia
=338  \\$aonline resource$bcr$2rdacarrier
=490  1\$aNBS report ;$v10583
=500  \\$a1971.
=500  \\$aContributed record: Metadata reviewed, not verified. Some fields updated by batch processes.
=500  \\$aTitle from PDF title page.
=504  \\$aIncludes bibliographical references.
=650  \7$aTechnical assistance.$2fast$0(OCoLC)fst01144732
=651  \0$aDeveloping countries$xTechnical assistance.
=651  \7$aDeveloping countries.$2fast$0(OCoLC)fst01242969
=700  1\$aBrady, E. L.
=700  1\$aPeiser, Steffen.
=710  1\$aUnited States.$bNational Bureau of Standards.
=830  \0$aNBS report ;$v10583.
=856  4\$uhttps://dx.doi.org/10.6028/NBS.RPT.10583
=856  4\$zAddress at time of PURL creation$uhttps://www.govinfo.gov/content/pkg/GOVPUB-C13-e1d4804e158fec21c84eff69afe7a98f/pdf/GOVPUB-C13-e1d4804e158fec21c84eff69afe7a98f.pdf
=856  40$uhttps://purl.fdlp.gov/GPO/gpo104192
=049  \\$aGPOO
=922  \\$aBatch-processed
=922  \\$aNIST-1$b20180815

