=LDR  01570nam  2200397Ia 45e0
=001  001076940
=003  OCoLC
=005  20180711120955.0
=008  161006s1971\\\\mdu\\\\\ob\\\f000\0\eng\d
=024  8\$aGOVPUB-C13-a3edb1d566cdb7bed988aff9eab3b18e
=035  \\$a(OCoLC)959982485
=040  \\$aNBS$beng$erda$cNBS$dOCLCO$dOCLCF$dOCLCQ
=086  0\$aC 13.38:10455
=100  1\$aBrown, Walter E.
=245  10$aApatites :$bprogress report /$cWalter E. Brown.
=264  \1$aGaithersburg, MD :$bU.S. Dept. of Commerce, National Institute of Standards and Technology,$c1971.
=300  \\$a1 online resource.
=336  \\$atext$btxt$2rdacontent
=337  \\$acomputer$bc$2rdamedia
=338  \\$aonline resource$bcr$2rdacarrier
=490  1\$aNBS report ;$v10455
=500  \\$a1971.
=500  \\$aContributed record: Metadata reviewed, not verified. Some fields updated by batch processes.
=500  \\$aTitle from PDF title page.
=504  \\$aIncludes bibliographical references.
=650  \0$aDentistry$xResearch.
=650  \7$aDentistry$xResearch.$2fast$0(OCoLC)fst00890671
=700  1\$aBrown, Walter E.
=710  1\$aUnited States.$bNational Bureau of Standards.
=830  \0$aNBS report ;$v10455.
=856  4\$uhttps://dx.doi.org/10.6028/NBS.RPT.10455
=856  4\$zAddress at time of PURL creation$uhttps://www.govinfo.gov/content/pkg/GOVPUB-C13-a3edb1d566cdb7bed988aff9eab3b18e/pdf/GOVPUB-C13-a3edb1d566cdb7bed988aff9eab3b18e.pdf
=856  40$uhttps://purl.fdlp.gov/GPO/gpo101394
=049  \\$aGPOO
=922  \\$aBatch-processed
=922  \\$aNIST-1$b20180815

