=LDR  01616nam  2200397Ia 45e0
=001  001076558
=003  OCoLC
=005  20180711120950.0
=008  160829s1971\\\\mdu\\\\\ob\\\f000\0\eng\d
=024  8\$aGOVPUB-C13-3b0365441bc0d243fc7097988fedd8c9
=035  \\$a(OCoLC)957470560
=040  \\$aNBS$beng$erda$cNBS$dOCLCO$dOCLCF$dOCLCQ
=086  0\$aC 13.38:10387
=100  1\$aCastle, A. B.,$cJr.
=245  12$aA study of seat belt buckle release methods /$cA.B. Castle Jr.
=264  \1$aGaithersburg, MD :$bU.S. Dept. of Commerce, National Institute of Standards and Technology,$c1971.
=300  \\$a1 online resource.
=336  \\$atext$btxt$2rdacontent
=337  \\$acomputer$bc$2rdamedia
=338  \\$aonline resource$bcr$2rdacarrier
=490  1\$aNBS report ;$v10387
=500  \\$a1971.
=500  \\$aContributed record: Metadata reviewed, not verified. Some fields updated by batch processes.
=500  \\$aTitle from PDF title page.
=504  \\$aIncludes bibliographical references.
=650  \0$aAutomobiles$xSeat belts$xTesting.
=650  \7$aAutomobiles$xSeat belts$xTesting.$2fast$0(OCoLC)fst00823863
=700  1\$aCastle, A. B.,$cJr.
=710  1\$aUnited States.$bNational Bureau of Standards.
=830  \0$aNBS report ;$v10387.
=856  4\$uhttps://dx.doi.org/10.6028/NBS.RPT.10387
=856  4\$zAddress at time of PURL creation$uhttps://www.govinfo.gov/content/pkg/GOVPUB-C13-3b0365441bc0d243fc7097988fedd8c9/pdf/GOVPUB-C13-3b0365441bc0d243fc7097988fedd8c9.pdf
=856  40$uhttps://purl.fdlp.gov/GPO/gpo96783
=049  \\$aGPOO
=922  \\$aBatch-processed
=922  \\$aNIST-1$b20180815

