=LDR  01577nam  2200373Ia 45e0
=001  001076802
=003  OCoLC
=005  20180711120956.0
=008  161006s1971\\\\mdu\\\\\ob\\\f000\0\eng\d
=024  8\$aGOVPUB-C13-78feb3ac6c989bf0a416b61ca9d991e6
=035  \\$a(OCoLC)959982539
=040  \\$aNBS$beng$erda$cNBS$dOCLCO$dOCLCQ$dOCLCA
=086  0\$aC 13.38:10608
=110  2\$aCenter for Computer Sciences and Technology.
=245  10$aBrooks Bill issue study of the National Bureau of Standards /$cCenter for Computer Sciences and Technology.
=264  \1$aGaithersburg, MD :$bU.S. Dept. of Commerce, National Institute of Standards and Technology,$c1971.
=300  \\$a1 online resource.
=336  \\$atext$btxt$2rdacontent
=337  \\$acomputer$bc$2rdamedia
=338  \\$aonline resource$bcr$2rdacarrier
=490  1\$aNBS report ;$v10608
=500  \\$a1971.
=500  \\$aContributed record: Metadata reviewed, not verified. Some fields updated by batch processes.
=500  \\$aTitle from PDF title page.
=504  \\$aIncludes bibliographical references.
=650  \0$aFederal government$xData processing.
=710  1\$aUnited States.$bNational Bureau of Standards.
=830  \0$aNBS report ;$v10608.
=856  4\$uhttps://dx.doi.org/10.6028/NBS.RPT.10608
=856  4\$zAddress at time of PURL creation$uhttps://www.govinfo.gov/content/pkg/GOVPUB-C13-78feb3ac6c989bf0a416b61ca9d991e6/pdf/GOVPUB-C13-78feb3ac6c989bf0a416b61ca9d991e6.pdf
=856  40$uhttps://purl.fdlp.gov/GPO/gpo99557
=049  \\$aGPOO
=922  \\$aBatch-processed
=922  \\$aNIST-1$b20180815

