=LDR  01635nam  2200409Ia 45e0
=001  001076779
=003  OCoLC
=005  20180711120955.0
=008  161006s1971\\\\mdu\\\\\ob\\\f000\0\eng\d
=024  8\$aGOVPUB-C13-726085048a21ceff879e182df387c442
=035  \\$a(OCoLC)959982483
=040  \\$aNBS$beng$erda$cNBS$dOCLCO$dOCLCF$dOCLCQ
=086  0\$aC 13.38:10441
=100  1\$aDickens, B.
=245  14$aThe crystal structure of CaKAsO4 . 8H2O :$bprogress report /$cB. Dickens, Walter E. Brown.
=264  \1$aGaithersburg, MD :$bU.S. Dept. of Commerce, National Institute of Standards and Technology,$c1971.
=300  \\$a1 online resource.
=336  \\$atext$btxt$2rdacontent
=337  \\$acomputer$bc$2rdamedia
=338  \\$aonline resource$bcr$2rdacarrier
=490  1\$aNBS report ;$v10441
=500  \\$a1971.
=500  \\$aContributed record: Metadata reviewed, not verified. Some fields updated by batch processes.
=500  \\$aTitle from PDF title page.
=504  \\$aIncludes bibliographical references.
=650  \0$aDentistry$xResearch.
=650  \7$aDentistry$xResearch.$2fast$0(OCoLC)fst00890671
=700  1\$aBrown, Walter E.
=700  1\$aDickens, B.
=710  1\$aUnited States.$bNational Bureau of Standards.
=830  \0$aNBS report ;$v10441.
=856  4\$uhttps://dx.doi.org/10.6028/NBS.RPT.10441
=856  4\$zAddress at time of PURL creation$uhttps://www.govinfo.gov/content/pkg/GOVPUB-C13-726085048a21ceff879e182df387c442/pdf/GOVPUB-C13-726085048a21ceff879e182df387c442.pdf
=856  40$uhttps://purl.fdlp.gov/GPO/gpo99278
=049  \\$aGPOO
=922  \\$aBatch-processed
=922  \\$aNIST-1$b20180815

