=LDR  01690nam  2200397Ia 45e0
=001  001076892
=003  OCoLC
=005  20180711120955.0
=008  161006s1971\\\\mdu\\\\\ob\\\f000\0\eng\d
=024  8\$aGOVPUB-C13-92f56aac3fb66ab769b88e5c869880c0
=035  \\$a(OCoLC)959982466
=040  \\$aNBS$beng$erda$cNBS$dOCLCO$dOCLCQ
=086  0\$aC 13.38:10434
=100  1\$aElliott, W.
=245  12$aA search and rescue simulation model for the United States Coast Guard :$bvolume V - programmer level documentation for "postprocessor /$cW. Elliott, S.S. Karp.
=264  \1$aGaithersburg, MD :$bU.S. Dept. of Commerce, National Institute of Standards and Technology,$c1971.
=300  \\$a1 online resource.
=336  \\$atext$btxt$2rdacontent
=337  \\$acomputer$bc$2rdamedia
=338  \\$aonline resource$bcr$2rdacarrier
=490  1\$aNBS report ;$v10434
=500  \\$a1971.
=500  \\$aContributed record: Metadata reviewed, not verified. Some fields updated by batch processes.
=500  \\$aTitle from PDF title page.
=504  \\$aIncludes bibliographical references.
=610  10$aUnited States.$bCoast Guard$xSearch and rescue operations$xComputer simulation.
=700  1\$aElliott, W.
=700  1\$aKarp, S. S.
=710  1\$aUnited States.$bNational Bureau of Standards.
=830  \0$aNBS report ;$v10434.
=856  4\$uhttps://dx.doi.org/10.6028/NBS.RPT.10434
=856  4\$zAddress at time of PURL creation$uhttps://www.govinfo.gov/content/pkg/GOVPUB-C13-92f56aac3fb66ab769b88e5c869880c0/pdf/GOVPUB-C13-92f56aac3fb66ab769b88e5c869880c0.pdf
=856  40$uhttps://purl.fdlp.gov/GPO/gpo100735
=049  \\$aGPOO
=922  \\$aBatch-processed
=922  \\$aNIST-1$b20180815

