=LDR  01710nam  2200409Ia 45e0
=001  001076795
=003  OCoLC
=005  20180711120955.0
=008  161006s1971\\\\mdu\\\\\obs\\f000\0\eng\d
=024  8\$aGOVPUB-C13-76c224403c67c608587b77f5a4f50647
=035  \\$a(OCoLC)959982493
=040  \\$aNBS$beng$erda$cNBS$dOCLCO$dOCLCF$dOCLCQ$dOCLCO
=086  0\$aC 13.38:10657
=100  1\$aGilsinn, Judith.
=245  10$aData collection and assimilation for the lead paint poisoning model :$bmilestone 2 /$cJudith Gilsinn.
=264  \1$aGaithersburg, MD :$bU.S. Dept. of Commerce, National Institute of Standards and Technology,$c1971.
=300  \\$a1 online resource.
=336  \\$atext$btxt$2rdacontent
=337  \\$acomputer$bc$2rdamedia
=338  \\$aonline resource$bcr$2rdacarrier
=490  1\$aNBS report ;$v10657
=500  \\$a1971.
=500  \\$aContributed record: Metadata reviewed, not verified. Some fields updated by batch processes.
=500  \\$aTitle from PDF title page.
=504  \\$aIncludes bibliographical references.
=650  \0$aLead poisoning in children$vStatistics.
=650  \7$aLead poisoning in children.$2fast$0(OCoLC)fst00994670
=655  \7$aStatistics.$2fast$0(OCoLC)fst01423727
=700  1\$aGilsinn, Judith.
=710  1\$aUnited States.$bNational Bureau of Standards.
=830  \0$aNBS report ;$v10657.
=856  4\$uhttps://dx.doi.org/10.6028/NBS.RPT.10657
=856  4\$zAddress at time of PURL creation$uhttps://www.govinfo.gov/content/pkg/GOVPUB-C13-76c224403c67c608587b77f5a4f50647/pdf/GOVPUB-C13-76c224403c67c608587b77f5a4f50647.pdf
=856  40$uhttps://purl.fdlp.gov/GPO/gpo99455
=049  \\$aGPOO
=922  \\$aBatch-processed
=922  \\$aNIST-1$b20180815

