=LDR  01635nam  2200409Ia 45e0
=001  001077283
=003  OCoLC
=005  20180711120956.0
=008  161006s1971\\\\mdu\\\\\ob\\\f000\0\eng\d
=024  8\$aGOVPUB-C13-f95679060d52cc13d69f4bf9c15639d3
=035  \\$a(OCoLC)959982501
=040  \\$aNBS$beng$erda$cNBS$dOCLCO$dOCLCQ
=086  0\$aC 13.38:10592
=100  1\$aGilsinn, Judith.
=245  12$aA simulation model for estimating airport terminal area throughputs and delays /$cJudith Gilsinn, E.H. Short, W.A. Steele, D. Klavan.
=264  \1$aGaithersburg, MD :$bU.S. Dept. of Commerce, National Institute of Standards and Technology,$c1971.
=300  \\$a1 online resource.
=336  \\$atext$btxt$2rdacontent
=337  \\$acomputer$bc$2rdamedia
=338  \\$aonline resource$bcr$2rdacarrier
=490  1\$aNBS report ;$v10592
=500  \\$a1971.
=500  \\$aContributed record: Metadata reviewed, not verified. Some fields updated by batch processes.
=500  \\$aTitle from PDF title page.
=504  \\$aIncludes bibliographical references.
=700  1\$aGilsinn, Judith.
=700  1\$aKlavan, D.
=700  1\$aShort, E. H.
=700  1\$aSteele, W. A.
=710  1\$aUnited States.$bNational Bureau of Standards.
=830  \0$aNBS report ;$v10592.
=856  4\$uhttps://dx.doi.org/10.6028/NBS.RPT.10592
=856  4\$zAddress at time of PURL creation$uhttps://www.govinfo.gov/content/pkg/GOVPUB-C13-f95679060d52cc13d69f4bf9c15639d3/pdf/GOVPUB-C13-f95679060d52cc13d69f4bf9c15639d3.pdf
=856  40$uhttps://purl.fdlp.gov/GPO/gpo105152
=049  \\$aGPOO
=922  \\$aBatch-processed
=922  \\$aNIST-1$b20180815

