=LDR  01553nam  2200385Ia 45e0
=001  001077120
=003  OCoLC
=005  20180711120953.0
=008  161006s1971\\\\mdu\\\\\ob\\\f000\0\eng\d
=024  8\$aGOVPUB-C13-ce26b4b19e9beed706e1b82784c74536
=035  \\$a(OCoLC)959982326
=040  \\$aNBS$beng$erda$cNBS$dOCLCO$dOCLCQ
=086  0\$aC 13.38:10500
=100  1\$aHorn, W. A.
=245  10$aSome recent theoretical work on accessibility in transportation systems /$cW.A. Horn.
=264  \1$aGaithersburg, MD :$bU.S. Dept. of Commerce, National Institute of Standards and Technology,$c1971.
=300  \\$a1 online resource.
=336  \\$atext$btxt$2rdacontent
=337  \\$acomputer$bc$2rdamedia
=338  \\$aonline resource$bcr$2rdacarrier
=490  1\$aNBS report ;$v10500
=500  \\$a1971.
=500  \\$aContributed record: Metadata reviewed, not verified. Some fields updated by batch processes.
=500  \\$aTitle from PDF title page.
=504  \\$aIncludes bibliographical references.
=650  \0$aTransportation$xMathematical models$xTesting.
=700  1\$aHorn, W. A.
=710  1\$aUnited States.$bNational Bureau of Standards.
=830  \0$aNBS report ;$v10500.
=856  4\$uhttps://dx.doi.org/10.6028/NBS.RPT.10500
=856  4\$zAddress at time of PURL creation$uhttps://www.govinfo.gov/content/pkg/GOVPUB-C13-ce26b4b19e9beed706e1b82784c74536/pdf/GOVPUB-C13-ce26b4b19e9beed706e1b82784c74536.pdf
=856  40$uhttps://purl.fdlp.gov/GPO/gpo103136
=049  \\$aGPOO
=922  \\$aBatch-processed
=922  \\$aNIST-1$b20180815

