=LDR  01673nam  2200397Ia 45e0
=001  001076372
=003  OCoLC
=005  20180711120953.0
=008  161006s1971\\\\mdu\\\\\ob\\\f000\0\eng\d
=024  8\$aGOVPUB-C13-0cddd94e213375af612554bc017ccc63
=035  \\$a(OCoLC)959982349
=040  \\$aNBS$beng$erda$cNBS$dOCLCO$dOCLCQ
=086  0\$aC 13.38:10431
=100  1\$aKarp, S. S.
=245  12$aA search and rescue simulation model for the United States Coast Guard :$bvolume II - analyst level documentation /$cS.S. Karp, M.D. Maltese.
=264  \1$aGaithersburg, MD :$bU.S. Dept. of Commerce, National Institute of Standards and Technology,$c1971.
=300  \\$a1 online resource.
=336  \\$atext$btxt$2rdacontent
=337  \\$acomputer$bc$2rdamedia
=338  \\$aonline resource$bcr$2rdacarrier
=490  1\$aNBS report ;$v10431
=500  \\$a1971.
=500  \\$aContributed record: Metadata reviewed, not verified. Some fields updated by batch processes.
=500  \\$aTitle from PDF title page.
=504  \\$aIncludes bibliographical references.
=610  10$aUnited States.$bCoast Guard$xSearch and rescue operations$xComputer simulation.
=700  1\$aKarp, S. S.
=700  1\$aMaltese, M. D.
=710  1\$aUnited States.$bNational Bureau of Standards.
=830  \0$aNBS report ;$v10431.
=856  4\$uhttps://dx.doi.org/10.6028/NBS.RPT.10431
=856  4\$zAddress at time of PURL creation$uhttps://www.govinfo.gov/content/pkg/GOVPUB-C13-0cddd94e213375af612554bc017ccc63/pdf/GOVPUB-C13-0cddd94e213375af612554bc017ccc63.pdf
=856  40$uhttps://purl.fdlp.gov/GPO/gpo94817
=049  \\$aGPOO
=922  \\$aBatch-processed
=922  \\$aNIST-1$b20180815

