=LDR  01680nam  2200409Ia 45e0
=001  001076698
=003  OCoLC
=005  20180711120955.0
=008  161006s1971\\\\mdu\\\\\ob\\\f000\0\eng\d
=024  8\$aGOVPUB-C13-5d502a405c05b65d9a18182eaaff3e0b
=035  \\$a(OCoLC)959982464
=040  \\$aNBS$beng$erda$cNBS$dOCLCO$dOCLCQ
=086  0\$aC 13.38:10432
=100  1\$aKarp, S. S.
=245  12$aA search and rescue simulation model for the United States Coast Guard :$bIII - programmer level documentation for "preprocessor /$cS.S. Karp, L.K. Cummings, M.D. Maltese, A.L. Weber.
=264  \1$aGaithersburg, MD :$bU.S. Dept. of Commerce, National Institute of Standards and Technology,$c1971.
=300  \\$a1 online resource.
=336  \\$atext$btxt$2rdacontent
=337  \\$acomputer$bc$2rdamedia
=338  \\$aonline resource$bcr$2rdacarrier
=490  1\$aNBS report ;$v10432
=500  \\$a1971.
=500  \\$aContributed record: Metadata reviewed, not verified. Some fields updated by batch processes.
=500  \\$aTitle from PDF title page.
=504  \\$aIncludes bibliographical references.
=700  1\$aCummings, L. K.
=700  1\$aKarp, S. S.
=700  1\$aMaltese, M. D.
=700  1\$aWeber, A. L.
=710  1\$aUnited States.$bNational Bureau of Standards.
=830  \0$aNBS report ;$v10432.
=856  4\$uhttps://dx.doi.org/10.6028/NBS.RPT.10432
=856  4\$zAddress at time of PURL creation$uhttps://www.govinfo.gov/content/pkg/GOVPUB-C13-5d502a405c05b65d9a18182eaaff3e0b/pdf/GOVPUB-C13-5d502a405c05b65d9a18182eaaff3e0b.pdf
=856  40$uhttps://purl.fdlp.gov/GPO/gpo98461
=049  \\$aGPOO
=922  \\$aBatch-processed
=922  \\$aNIST-1$b20180815

