=LDR  01682nam  2200397Ia 45e0
=001  001076714
=003  OCoLC
=005  20180711120957.0
=008  161006s1971\\\\mdu\\\\\ob\\\f000\0\eng\d
=024  8\$aGOVPUB-C13-6180588b04253292333987fa019fda50
=035  \\$a(OCoLC)959982553
=040  \\$aNBS$beng$erda$cNBS$dOCLCO$dOCLCQ
=086  0\$aC 13.38:10621
=100  1\$aKilday, Marthada V.
=245  14$aThe enthalpies of neutralization and of hydrolysis of NBS Standard Reference material no. 724a [tris(hydroxymethyl)aminomethane] /$cMarthada V. Kilday, Edward J. Prosen.
=264  \1$aGaithersburg, MD :$bU.S. Dept. of Commerce, National Institute of Standards and Technology,$c1971.
=300  \\$a1 online resource.
=336  \\$atext$btxt$2rdacontent
=337  \\$acomputer$bc$2rdamedia
=338  \\$aonline resource$bcr$2rdacarrier
=490  1\$aNBS report ;$v10621
=500  \\$a1971.
=500  \\$aContributed record: Metadata reviewed, not verified. Some fields updated by batch processes.
=500  \\$aTitle from PDF title page.
=504  \\$aIncludes bibliographical references.
=650  \0$aTris(hydroxymethyl)aminomethane$xTesting.
=700  1\$aKilday, Marthada V.
=700  1\$aProsen, Edward J.
=710  1\$aUnited States.$bNational Bureau of Standards.
=830  \0$aNBS report ;$v10621.
=856  4\$uhttps://dx.doi.org/10.6028/NBS.RPT.10621
=856  4\$zAddress at time of PURL creation$uhttps://www.govinfo.gov/content/pkg/GOVPUB-C13-6180588b04253292333987fa019fda50/pdf/GOVPUB-C13-6180588b04253292333987fa019fda50.pdf
=856  40$uhttps://purl.fdlp.gov/GPO/gpo98622
=049  \\$aGPOO
=922  \\$aBatch-processed
=922  \\$aNIST-1$b20180815

