=LDR  01616nam  2200397Ia 45e0
=001  001077118
=003  OCoLC
=005  20180711120957.0
=008  161006s1971\\\\mdu\\\\\ob\\\f000\0\eng\d
=024  8\$aGOVPUB-C13-cdfbf73e8093a13468576cf5c2e27de6
=035  \\$a(OCoLC)959982554
=040  \\$aNBS$beng$erda$cNBS$dOCLCO$dOCLCQ
=086  0\$aC 13.38:10642
=100  1\$aKingsbury, Nancy.
=245  12$aA study of court reporting systems :$bvolume II - experimental phase /$cNancy Kingsbury, Jenny Eldreth.
=264  \1$aGaithersburg, MD :$bU.S. Dept. of Commerce, National Institute of Standards and Technology,$c1971.
=300  \\$a1 online resource.
=336  \\$atext$btxt$2rdacontent
=337  \\$acomputer$bc$2rdamedia
=338  \\$aonline resource$bcr$2rdacarrier
=490  1\$aNBS report ;$v10642
=500  \\$a1971.
=500  \\$aContributed record: Metadata reviewed, not verified. Some fields updated by batch processes.
=500  \\$aTitle from PDF title page.
=504  \\$aIncludes bibliographical references.
=650  \0$aComputer-aided transcription systems$xTesting.
=700  1\$aEldreth, Jenny.
=700  1\$aKingsbury, Nancy.
=710  1\$aUnited States.$bNational Bureau of Standards.
=830  \0$aNBS report ;$v10642.
=856  4\$uhttps://dx.doi.org/10.6028/NBS.RPT.10642
=856  4\$zAddress at time of PURL creation$uhttps://www.govinfo.gov/content/pkg/GOVPUB-C13-cdfbf73e8093a13468576cf5c2e27de6/pdf/GOVPUB-C13-cdfbf73e8093a13468576cf5c2e27de6.pdf
=856  40$uhttps://purl.fdlp.gov/GPO/gpo103131
=049  \\$aGPOO
=922  \\$aBatch-processed
=922  \\$aNIST-1$b20180815

