=LDR  01593nam  2200397Ia 45e0
=001  001077133
=003  OCoLC
=005  20180711120953.0
=008  161006s1971\\\\mdu\\\\\ob\\\f000\0\eng\d
=024  8\$aGOVPUB-C13-d0fbeaaa2ac2cdf9a0767ed07a4f89d3
=035  \\$a(OCoLC)959982325
=040  \\$aNBS$beng$erda$cNBS$dOCLCO$dOCLCQ
=086  0\$aC 13.38:10498
=100  1\$aKu, Richard.
=245  10$aSequencing the purchase and retirement of fire engines /$cRichard Ku, Patsy B. Saunders.
=264  \1$aGaithersburg, MD :$bU.S. Dept. of Commerce, National Institute of Standards and Technology,$c1971.
=300  \\$a1 online resource.
=336  \\$atext$btxt$2rdacontent
=337  \\$acomputer$bc$2rdamedia
=338  \\$aonline resource$bcr$2rdacarrier
=490  1\$aNBS report ;$v10498
=500  \\$a1971.
=500  \\$aContributed record: Metadata reviewed, not verified. Some fields updated by batch processes.
=500  \\$aTitle from PDF title page.
=504  \\$aIncludes bibliographical references.
=650  \0$aFire engines$xManagement$xSimulation methods.
=700  1\$aKu, Richard.
=700  1\$aSaunders, Patsy B.
=710  1\$aUnited States.$bNational Bureau of Standards.
=830  \0$aNBS report ;$v10498.
=856  4\$uhttps://dx.doi.org/10.6028/NBS.RPT.10498
=856  4\$zAddress at time of PURL creation$uhttps://www.govinfo.gov/content/pkg/GOVPUB-C13-d0fbeaaa2ac2cdf9a0767ed07a4f89d3/pdf/GOVPUB-C13-d0fbeaaa2ac2cdf9a0767ed07a4f89d3.pdf
=856  40$uhttps://purl.fdlp.gov/GPO/gpo103244
=049  \\$aGPOO
=922  \\$aBatch-processed
=922  \\$aNIST-1$b20180815

