=LDR  01693nam  2200397Ia 45e0
=001  001076722
=003  OCoLC
=005  20180711120956.0
=008  161006s1971\\\\mdu\\\\\ob\\\f000\0\eng\d
=024  8\$aGOVPUB-C13-63dc720891d8588babeea55b0e6cd281
=035  \\$a(OCoLC)959982540
=040  \\$aNBS$beng$erda$cNBS$dOCLCO$dOCLCF$dOCLCQ
=086  0\$aC 13.38:10610
=100  1\$aMabie, C. P.
=245  10$aPetrographic study of the refractory performance of high-fusing dental alloy investments :$bPart I - high-fusing phosphate-bonded investments, synchro-x investments /$cC.P. Mabie.
=264  \1$aGaithersburg, MD :$bU.S. Dept. of Commerce, National Institute of Standards and Technology,$c1971.
=300  \\$a1 online resource.
=336  \\$atext$btxt$2rdacontent
=337  \\$acomputer$bc$2rdamedia
=338  \\$aonline resource$bcr$2rdacarrier
=490  1\$aNBS report ;$v10610
=500  \\$a1971.
=500  \\$aContributed record: Metadata reviewed, not verified. Some fields updated by batch processes.
=500  \\$aTitle from PDF title page.
=504  \\$aIncludes bibliographical references.
=650  \0$aDentistry$xResearch.
=650  \7$aDentistry$xResearch.$2fast$0(OCoLC)fst00890671
=700  1\$aMabie, C. P.
=710  1\$aUnited States.$bNational Bureau of Standards.
=830  \0$aNBS report ;$v10610.
=856  4\$uhttps://dx.doi.org/10.6028/NBS.RPT.10610
=856  4\$zAddress at time of PURL creation$uhttps://www.govinfo.gov/content/pkg/GOVPUB-C13-63dc720891d8588babeea55b0e6cd281/pdf/GOVPUB-C13-63dc720891d8588babeea55b0e6cd281.pdf
=856  40$uhttps://purl.fdlp.gov/GPO/gpo98709
=049  \\$aGPOO
=922  \\$aBatch-processed
=922  \\$aNIST-1$b20180815

