=LDR  01556nam  2200385Ia 45e0
=001  001076628
=003  OCoLC
=005  20180711120956.0
=008  161006s1971\\\\mdu\\\\\ob\\\f000\0\eng\d
=024  8\$aGOVPUB-C13-4bf7207d73438d94508094658836f9dd
=035  \\$a(OCoLC)959982513
=040  \\$aNBS$beng$erda$cNBS$dOCLCO$dOCLCQ
=086  0\$aC 13.38:10563
=100  1\$aMaximon, Leonard C.
=245  10$aFortran program for arbitrary precision arithmetic /$cLeonard C. Maximon.
=264  \1$aGaithersburg, MD :$bU.S. Dept. of Commerce, National Institute of Standards and Technology,$c1971.
=300  \\$a1 online resource.
=336  \\$atext$btxt$2rdacontent
=337  \\$acomputer$bc$2rdamedia
=338  \\$aonline resource$bcr$2rdacarrier
=490  1\$aNBS report ;$v10563
=500  \\$a1971.
=500  \\$aContributed record: Metadata reviewed, not verified. Some fields updated by batch processes.
=500  \\$aTitle from PDF title page.
=504  \\$aIncludes bibliographical references.
=650  \0$aFORTRAN (Computer program language)$xTesting.
=700  1\$aMaximon, Leonard C.
=710  1\$aUnited States.$bNational Bureau of Standards.
=830  \0$aNBS report ;$v10563.
=856  4\$uhttps://dx.doi.org/10.6028/NBS.RPT.10563
=856  4\$zAddress at time of PURL creation$uhttps://www.govinfo.gov/content/pkg/GOVPUB-C13-4bf7207d73438d94508094658836f9dd/pdf/GOVPUB-C13-4bf7207d73438d94508094658836f9dd.pdf
=856  40$uhttps://purl.fdlp.gov/GPO/gpo97650
=049  \\$aGPOO
=922  \\$aBatch-processed
=922  \\$aNIST-1$b20180815

