=LDR  01661nam  2200397Ia 45e0
=001  001077227
=003  OCoLC
=005  20180711120957.0
=008  161006s1971\\\\mdu\\\\\ob\\\f000\0\eng\d
=024  8\$aGOVPUB-C13-e6fdcc436516c51009097b09b4ddefd7
=035  \\$a(OCoLC)959982576
=040  \\$aNBS$beng$erda$cNBS$dOCLCO$dOCLCQ
=086  0\$aC 13.38:10860
=100  1\$aMinor, J. I.
=245  14$aThe enthalpies of hydrolysis of arsenious oxide and arsenic trichloride in 1N-sodium hydroxide :$bthe enthalpy of formation of arsenic trichloride /$cJ.I. Minor, A.A. Gilliland, D.D. Wagman.
=264  \1$aGaithersburg, MD :$bU.S. Dept. of Commerce, National Institute of Standards and Technology,$c1971.
=300  \\$a1 online resource.
=336  \\$atext$btxt$2rdacontent
=337  \\$acomputer$bc$2rdamedia
=338  \\$aonline resource$bcr$2rdacarrier
=490  1\$aNBS report ;$v10860
=500  \\$a1971.
=500  \\$aContributed record: Metadata reviewed, not verified. Some fields updated by batch processes.
=500  \\$aTitle from PDF title page.
=504  \\$aIncludes bibliographical references.
=700  1\$aGilliland, A. A.
=700  1\$aMinor, J. I.
=700  1\$aWagman, D. D.
=710  1\$aUnited States.$bNational Bureau of Standards.
=830  \0$aNBS report ;$v10860.
=856  4\$uhttps://dx.doi.org/10.6028/NBS.RPT.10860
=856  4\$zAddress at time of PURL creation$uhttps://www.govinfo.gov/content/pkg/GOVPUB-C13-e6fdcc436516c51009097b09b4ddefd7/pdf/GOVPUB-C13-e6fdcc436516c51009097b09b4ddefd7.pdf
=856  40$uhttps://purl.fdlp.gov/GPO/gpo104430
=049  \\$aGPOO
=922  \\$aBatch-processed
=922  \\$aNIST-1$b20180815

