=LDR  01644nam  2200385Ia 45e0
=001  001076465
=003  OCoLC
=005  20180711120955.0
=008  161006s1971\\\\mdu\\\\\ob\\\f000\0\eng\d
=024  8\$aGOVPUB-C13-260a8d397604002f922cdba64c92b9ac
=035  \\$a(OCoLC)959982474
=040  \\$aNBS$beng$erda$cNBS$dOCLCO$dOCLCQ
=086  0\$aC 13.38:10424
=100  1\$aPeiser, H. Steffen.
=245  10$aH.S. Peiser's visit to Viet Nam at the request of the Industry Division, U.S. Agency for International Development U.S. Department of State :$breport /$cH. Steffen Peiser.
=264  \1$aGaithersburg, MD :$bU.S. Dept. of Commerce, National Institute of Standards and Technology,$c1971.
=300  \\$a1 online resource.
=336  \\$atext$btxt$2rdacontent
=337  \\$acomputer$bc$2rdamedia
=338  \\$aonline resource$bcr$2rdacarrier
=490  1\$aNBS report ;$v10424
=500  \\$a1971.
=500  \\$aContributed record: Metadata reviewed, not verified. Some fields updated by batch processes.
=500  \\$aTitle from PDF title page.
=504  \\$aIncludes bibliographical references.
=650  \0$aStandardization$zVietnam (Republic)
=700  1\$aPeiser, H. Steffen.
=710  1\$aUnited States.$bNational Bureau of Standards.
=830  \0$aNBS report ;$v10424.
=856  4\$uhttps://dx.doi.org/10.6028/NBS.RPT.10424
=856  4\$zAddress at time of PURL creation$uhttps://www.govinfo.gov/content/pkg/GOVPUB-C13-260a8d397604002f922cdba64c92b9ac/pdf/GOVPUB-C13-260a8d397604002f922cdba64c92b9ac.pdf
=856  40$uhttps://purl.fdlp.gov/GPO/gpo95888
=049  \\$aGPOO
=922  \\$aBatch-processed
=922  \\$aNIST-1$b20180815

