=LDR  01636nam  2200409Ia 45e0
=001  001076884
=003  OCoLC
=005  20180711120956.0
=008  161006s1971\\\\mdu\\\\\ob\\\f000\0\eng\d
=024  8\$aGOVPUB-C13-9210e3bc90b1720e8ebde2941eab868d
=035  \\$a(OCoLC)959982552
=040  \\$aNBS$beng$erda$cNBS$dOCLCO$dOCLCQ$dOCLCF
=086  0\$aC 13.38:10611
=100  1\$aRupp, N. W.
=245  10$aAmalgam, cements and esthetic restoratives :$bsome new developments /$cN.W. Rupp.
=264  \1$aGaithersburg, MD :$bU.S. Dept. of Commerce, National Institute of Standards and Technology,$c1971.
=300  \\$a1 online resource.
=336  \\$atext$btxt$2rdacontent
=337  \\$acomputer$bc$2rdamedia
=338  \\$aonline resource$bcr$2rdacarrier
=490  1\$aNBS report ;$v10611
=500  \\$a1971.
=500  \\$aContributed record: Metadata reviewed, not verified. Some fields updated by batch processes.
=500  \\$aTitle from PDF title page.
=504  \\$aIncludes bibliographical references.
=650  \0$aDental amalgams$xTesting.
=650  \0$aDentistry$xResearch.
=650  \7$aDentistry$xResearch.$2fast$0(OCoLC)fst00890671
=700  1\$aRupp, N. W.
=710  1\$aUnited States.$bNational Bureau of Standards.
=830  \0$aNBS report ;$v10611.
=856  4\$uhttps://dx.doi.org/10.6028/NBS.RPT.10611
=856  4\$zAddress at time of PURL creation$uhttps://www.govinfo.gov/content/pkg/GOVPUB-C13-9210e3bc90b1720e8ebde2941eab868d/pdf/GOVPUB-C13-9210e3bc90b1720e8ebde2941eab868d.pdf
=856  40$uhttps://purl.fdlp.gov/GPO/gpo100700
=049  \\$aGPOO
=922  \\$aBatch-processed
=922  \\$aNIST-1$b20180815

