=LDR  01709nam  2200397Ia 45e0
=001  001077067
=003  OCoLC
=005  20180711120955.0
=008  161006s1971\\\\mdu\\\\\ob\\\f000\0\eng\d
=024  8\$aGOVPUB-C13-c31b7abe95052ad00c4a0245d058896e
=035  \\$a(OCoLC)959982465
=040  \\$aNBS$beng$erda$cNBS$dOCLCO$dOCLCQ
=086  0\$aC 13.38:10433
=100  1\$aSaunders, P. L. B.
=245  12$aA search and rescue simulation model for the United States Coast Guard :$bIV - programmer level documentation for "OPSIM /$cP.L.B. Saunders, E.E. Leyendecker.
=264  \1$aGaithersburg, MD :$bU.S. Dept. of Commerce, National Institute of Standards and Technology,$c1971.
=300  \\$a1 online resource.
=336  \\$atext$btxt$2rdacontent
=337  \\$acomputer$bc$2rdamedia
=338  \\$aonline resource$bcr$2rdacarrier
=490  1\$aNBS report ;$v10433
=500  \\$a1971.
=500  \\$aContributed record: Metadata reviewed, not verified. Some fields updated by batch processes.
=500  \\$aTitle from PDF title page.
=504  \\$aIncludes bibliographical references.
=610  10$aUnited States.$bCoast Guard$xSearch and rescue operations$xComputer simulation.
=700  1\$aLeyendecker, E. E.
=700  1\$aSaunders, P. L. B.
=710  1\$aUnited States.$bNational Bureau of Standards.
=830  \0$aNBS report ;$v10433.
=856  4\$uhttps://dx.doi.org/10.6028/NBS.RPT.10433
=856  4\$zAddress at time of PURL creation$uhttps://www.govinfo.gov/content/pkg/GOVPUB-C13-c31b7abe95052ad00c4a0245d058896e/pdf/GOVPUB-C13-c31b7abe95052ad00c4a0245d058896e.pdf
=856  40$uhttps://purl.fdlp.gov/GPO/gpo102673
=049  \\$aGPOO
=922  \\$aBatch-processed
=922  \\$aNIST-1$b20180815

