=LDR  01574nam  2200385Ia 45e0
=001  001077144
=003  OCoLC
=005  20180711120956.0
=008  161006s1971\\\\mdu\\\\\ob\\\f000\0\eng\d
=024  8\$aGOVPUB-C13-d382575139892da623c3467435c0ce65
=035  \\$a(OCoLC)959982495
=040  \\$aNBS$beng$erda$cNBS$dOCLCO$dOCLCQ
=086  0\$aC 13.38:10488
=100  1\$aSaunders, Patsy B.
=245  12$aA computer model for simulating the response activities for a fire department /$cPatsy B. Saunders.
=264  \1$aGaithersburg, MD :$bU.S. Dept. of Commerce, National Institute of Standards and Technology,$c1971.
=300  \\$a1 online resource.
=336  \\$atext$btxt$2rdacontent
=337  \\$acomputer$bc$2rdamedia
=338  \\$aonline resource$bcr$2rdacarrier
=490  1\$aNBS report ;$v10488
=500  \\$a1971.
=500  \\$aContributed record: Metadata reviewed, not verified. Some fields updated by batch processes.
=500  \\$aTitle from PDF title page.
=504  \\$aIncludes bibliographical references.
=650  \0$aFire departments$xComputer simulation.
=700  1\$aSaunders, Patsy B.
=710  1\$aUnited States.$bNational Bureau of Standards.
=830  \0$aNBS report ;$v10488.
=856  4\$uhttps://dx.doi.org/10.6028/NBS.RPT.10488
=856  4\$zAddress at time of PURL creation$uhttps://www.govinfo.gov/content/pkg/GOVPUB-C13-d382575139892da623c3467435c0ce65/pdf/GOVPUB-C13-d382575139892da623c3467435c0ce65.pdf
=856  40$uhttps://purl.fdlp.gov/GPO/gpo103342
=049  \\$aGPOO
=922  \\$aBatch-processed
=922  \\$aNIST-1$b20180815

