=LDR  01571nam  2200397Ia 45e0
=001  001076910
=003  OCoLC
=005  20180711120950.0
=008  160829s1971\\\\mdu\\\\\ob\\\f000\0\eng\d
=024  8\$aGOVPUB-C13-9765e8d3d0c8bdf737d409724bf17551
=035  \\$a(OCoLC)957470561
=040  \\$aNBS$beng$erda$cNBS$dOCLCO$dOCLCQ
=086  0\$aC 13.38:10396
=100  1\$aSchoonover, R. M.
=245  10$aPressure type liquid level gages /$cR.M. Schoonover, J.F. Houser.
=264  \1$aGaithersburg, MD :$bU.S. Dept. of Commerce, National Institute of Standards and Technology,$c1971.
=300  \\$a1 online resource.
=336  \\$atext$btxt$2rdacontent
=337  \\$acomputer$bc$2rdamedia
=338  \\$aonline resource$bcr$2rdacarrier
=490  1\$aNBS report ;$v10396
=500  \\$a1971.
=500  \\$aContributed record: Metadata reviewed, not verified. Some fields updated by batch processes.
=500  \\$aTitle from PDF title page.
=504  \\$aIncludes bibliographical references.
=650  \0$aVolumetric apparatus$xStandards$xTesting.
=700  1\$aHouser, J. F.
=700  1\$aSchoonover, R. M.
=710  1\$aUnited States.$bNational Bureau of Standards.
=830  \0$aNBS report ;$v10396.
=856  4\$uhttps://dx.doi.org/10.6028/NBS.RPT.10396
=856  4\$zAddress at time of PURL creation$uhttps://www.govinfo.gov/content/pkg/GOVPUB-C13-9765e8d3d0c8bdf737d409724bf17551/pdf/GOVPUB-C13-9765e8d3d0c8bdf737d409724bf17551.pdf
=856  40$uhttps://purl.fdlp.gov/GPO/gpo100930
=049  \\$aGPOO
=922  \\$aBatch-processed
=922  \\$aNIST-1$b20180815

