=LDR  01771nam  2200433Ia 45e0
=001  001076567
=003  OCoLC
=005  20180711120955.0
=008  161006s1971\\\\mdu\\\\\ob\\\f000\0\eng\d
=024  8\$aGOVPUB-C13-3cbd3b8416c3ba71e743c29a61fe3c8d
=035  \\$a(OCoLC)959982492
=040  \\$aNBS$beng$erda$cNBS$dOCLCO$dOCLCF$dOCLCQ
=086  0\$aC 13.38:10656
=100  1\$aShort, Ernest H.
=245  12$aA study of court reporting systems :$bexecutive summary /$cErnest H. Short, Walter G. Leight.
=264  \1$aGaithersburg, MD :$bU.S. Dept. of Commerce, National Institute of Standards and Technology,$c1971.
=300  \\$a1 online resource.
=336  \\$atext$btxt$2rdacontent
=337  \\$acomputer$bc$2rdamedia
=338  \\$aonline resource$bcr$2rdacarrier
=490  1\$aNBS report ;$v10656
=500  \\$a1971.
=500  \\$aContributed record: Metadata reviewed, not verified. Some fields updated by batch processes.
=500  \\$aTitle from PDF title page.
=504  \\$aIncludes bibliographical references.
=650  \0$aComputer-aided transcription systems.
=650  \0$aLaw reporting.
=650  \7$aComputer-aided transcription systems.$2fast$0(OCoLC)fst00872724
=650  \7$aLaw reporting.$2fast$0(OCoLC)fst00994095
=700  1\$aLeight, Walter G.
=700  1\$aShort, Ernest H.
=710  1\$aUnited States.$bNational Bureau of Standards.
=830  \0$aNBS report ;$v10656.
=856  4\$uhttps://dx.doi.org/10.6028/NBS.RPT.10656
=856  4\$zAddress at time of PURL creation$uhttps://www.govinfo.gov/content/pkg/GOVPUB-C13-3cbd3b8416c3ba71e743c29a61fe3c8d/pdf/GOVPUB-C13-3cbd3b8416c3ba71e743c29a61fe3c8d.pdf
=856  40$uhttps://purl.fdlp.gov/GPO/gpo96979
=049  \\$aGPOO
=922  \\$aBatch-processed
=922  \\$aNIST-1$b20180815

