=LDR  01712nam  2200421Ia 45e0
=001  001076981
=003  OCoLC
=005  20180711120956.0
=008  161006s1971\\\\mdu\\\\\ob\\\f000\0\eng\d
=024  8\$aGOVPUB-C13-af4119e9d8822ef0da7de2d3757b0d72
=035  \\$a(OCoLC)959982512
=040  \\$aNBS$beng$erda$cNBS$dOCLCO$dOCLCQ$dOCLCO$dOCLCF
=086  0\$aC 13.38:10551
=100  1\$aStabler, Thomas M.
=245  10$aProgram of legal metrology and scientific metrology Quito, Ecuador /$cThomas M. Stabler, Luis F. Urresta.
=264  \1$aGaithersburg, MD :$bU.S. Dept. of Commerce, National Institute of Standards and Technology,$c1971.
=300  \\$a1 online resource.
=336  \\$atext$btxt$2rdacontent
=337  \\$acomputer$bc$2rdamedia
=338  \\$aonline resource$bcr$2rdacarrier
=490  1\$aNBS report ;$v10551
=500  \\$a1971.
=500  \\$aContributed record: Metadata reviewed, not verified. Some fields updated by batch processes.
=500  \\$aTitle from PDF title page.
=504  \\$aIncludes bibliographical references.
=650  \7$aMetrology.$2fast$0(OCoLC)fst01018841
=651  \0$aEcuador$xMetrology.
=651  \7$aEcuador.$2fast$0(OCoLC)fst01205578
=700  1\$aStabler, Thomas M.
=700  1\$aUrresta, Luis F.
=710  1\$aUnited States.$bNational Bureau of Standards.
=830  \0$aNBS report ;$v10551.
=856  4\$uhttps://dx.doi.org/10.6028/NBS.RPT.10551
=856  4\$zAddress at time of PURL creation$uhttps://www.govinfo.gov/content/pkg/GOVPUB-C13-af4119e9d8822ef0da7de2d3757b0d72/pdf/GOVPUB-C13-af4119e9d8822ef0da7de2d3757b0d72.pdf
=856  40$uhttps://purl.fdlp.gov/GPO/gpo101849
=049  \\$aGPOO
=922  \\$aBatch-processed
=922  \\$aNIST-1$b20180815

