=LDR  01657nam  2200385Ia 45e0
=001  001076598
=003  OCoLC
=005  20180711120956.0
=008  161006s1971\\\\mdu\\\\\ob\\\f000\0\eng\d
=024  8\$aGOVPUB-C13-4507d53b38a6f955851969b33e9d852d
=035  \\$a(OCoLC)959982551
=040  \\$aNBS$beng$erda$cNBS$dOCLCO$dOCLCF$dOCLCQ
=086  0\$aC 13.38:10600
=110  1\$aUnited States.$bNational Bureau of Standards.
=245  10$aReport on dental research at the National Bureau of Standards :$bprogress report January 1 - June 30, 1971 /$cNational Bureau of Standards.
=264  \1$aGaithersburg, MD :$bU.S. Dept. of Commerce, National Institute of Standards and Technology,$c1971.
=300  \\$a1 online resource.
=336  \\$atext$btxt$2rdacontent
=337  \\$acomputer$bc$2rdamedia
=338  \\$aonline resource$bcr$2rdacarrier
=490  1\$aNBS report ;$v10600
=500  \\$a1971.
=500  \\$aContributed record: Metadata reviewed, not verified. Some fields updated by batch processes.
=500  \\$aTitle from PDF title page.
=504  \\$aIncludes bibliographical references.
=650  \0$aDentistry$xResearch.
=650  \7$aDentistry$xResearch.$2fast$0(OCoLC)fst00890671
=710  1\$aUnited States.$bNational Bureau of Standards.
=830  \0$aNBS report ;$v10600.
=856  4\$uhttps://dx.doi.org/10.6028/NBS.RPT.10600
=856  4\$zAddress at time of PURL creation$uhttps://www.govinfo.gov/content/pkg/GOVPUB-C13-4507d53b38a6f955851969b33e9d852d/pdf/GOVPUB-C13-4507d53b38a6f955851969b33e9d852d.pdf
=856  40$uhttps://purl.fdlp.gov/GPO/gpo97253
=049  \\$aGPOO
=922  \\$aBatch-processed
=922  \\$aNIST-1$b20180815

