=LDR  01605nam  2200397Ia 45e0
=001  001076551
=003  OCoLC
=005  20180711120956.0
=008  161006s1971\\\\mdu\\\\\ob\\\f000\0\eng\d
=024  8\$aGOVPUB-C13-397bcdb0d1e81abcf9076639a6bd7767
=035  \\$a(OCoLC)959982509
=040  \\$aNBS$beng$erda$cNBS$dOCLCO$dOCLCF$dOCLCQ
=086  0\$aC 13.38:10521
=100  1\$aWaterstrat, R. M.
=245  10$aInfluence of alloy particle size and shape :$bprogress report /$cR.M. Waterstrat.
=264  \1$aGaithersburg, MD :$bU.S. Dept. of Commerce, National Institute of Standards and Technology,$c1971.
=300  \\$a1 online resource.
=336  \\$atext$btxt$2rdacontent
=337  \\$acomputer$bc$2rdamedia
=338  \\$aonline resource$bcr$2rdacarrier
=490  1\$aNBS report ;$v10521
=500  \\$a1971.
=500  \\$aContributed record: Metadata reviewed, not verified. Some fields updated by batch processes.
=500  \\$aTitle from PDF title page.
=504  \\$aIncludes bibliographical references.
=650  \0$aDentistry$xResearch.
=650  \7$aDentistry$xResearch.$2fast$0(OCoLC)fst00890671
=700  1\$aWaterstrat, R. M.
=710  1\$aUnited States.$bNational Bureau of Standards.
=830  \0$aNBS report ;$v10521.
=856  4\$uhttps://dx.doi.org/10.6028/NBS.RPT.10521
=856  4\$zAddress at time of PURL creation$uhttps://www.govinfo.gov/content/pkg/GOVPUB-C13-397bcdb0d1e81abcf9076639a6bd7767/pdf/GOVPUB-C13-397bcdb0d1e81abcf9076639a6bd7767.pdf
=856  40$uhttps://purl.fdlp.gov/GPO/gpo96740
=049  \\$aGPOO
=922  \\$aBatch-processed
=922  \\$aNIST-1$b20180815

