=LDR  01692nam  2200421Ia 45e0
=001  001076925
=003  OCoLC
=005  20180711120956.0
=008  161006s1971\\\\mdu\\\\\ob\\\f000\0\eng\d
=024  8\$aGOVPUB-C13-9ec6657ea70e27daf1dd304509b00595
=035  \\$a(OCoLC)959982514
=040  \\$aNBS$beng$erda$cNBS$dOCLCO$dOCLCQ$dOCLCF
=086  0\$aC 13.38:10571
=100  1\$aWaterstrat, R. M.
=245  10$aNoble metal constitution diagrams :$bprogress report /$cR.M. Waterstrat, R.C. Manuszewski.
=264  \1$aGaithersburg, MD :$bU.S. Dept. of Commerce, National Institute of Standards and Technology,$c1971.
=300  \\$a1 online resource.
=336  \\$atext$btxt$2rdacontent
=337  \\$acomputer$bc$2rdamedia
=338  \\$aonline resource$bcr$2rdacarrier
=490  1\$aNBS report ;$v10571
=500  \\$a1971.
=500  \\$aContributed record: Metadata reviewed, not verified. Some fields updated by batch processes.
=500  \\$aTitle from PDF title page.
=504  \\$aIncludes bibliographical references.
=650  \0$aDentistry$xResearch.
=650  \0$aPrecious metals$xTesting.
=650  \7$aDentistry$xResearch.$2fast$0(OCoLC)fst00890671
=700  1\$aManuszewski, R. C.
=700  1\$aWaterstrat, R. M.
=710  1\$aUnited States.$bNational Bureau of Standards.
=830  \0$aNBS report ;$v10571.
=856  4\$uhttps://dx.doi.org/10.6028/NBS.RPT.10571
=856  4\$zAddress at time of PURL creation$uhttps://www.govinfo.gov/content/pkg/GOVPUB-C13-9ec6657ea70e27daf1dd304509b00595/pdf/GOVPUB-C13-9ec6657ea70e27daf1dd304509b00595.pdf
=856  40$uhttps://purl.fdlp.gov/GPO/gpo101178
=049  \\$aGPOO
=922  \\$aBatch-processed
=922  \\$aNIST-1$b20180815

