=LDR  01567nam  2200373Ia 45e0
=001  001076701
=003  OCoLC
=005  20180711120957.0
=008  161006s1972\\\\mdu\\\\\ob\\\f000\0\eng\d
=024  8\$aGOVPUB-C13-5e7d33cadd5d93c92aec4418421422cc
=035  \\$a(OCoLC)959982575
=040  \\$aNBS$beng$erda$cNBS$dOCLCO$dOCLCQ
=086  0\$aC 13.38:10859
=110  2\$aApplied Mathematics Division.
=245  10$aNBS Project WHERE in support of USAAMCA Project MNPLS :$bfinal report /$cApplied Mathematics Division.
=264  \1$aGaithersburg, MD :$bU.S. Dept. of Commerce, National Institute of Standards and Technology,$c1972.
=300  \\$a1 online resource.
=336  \\$atext$btxt$2rdacontent
=337  \\$acomputer$bc$2rdamedia
=338  \\$aonline resource$bcr$2rdacarrier
=490  1\$aNBS report ;$v10859
=500  \\$a1972.
=500  \\$aContributed record: Metadata reviewed, not verified. Some fields updated by batch processes.
=500  \\$aTitle from PDF title page.
=504  \\$aIncludes bibliographical references.
=610  10$aUnited States.$bArmy$xManeuvers$xComputer simulation.
=710  1\$aUnited States.$bNational Bureau of Standards.
=830  \0$aNBS report ;$v10859.
=856  4\$uhttps://dx.doi.org/10.6028/NBS.RPT.10859
=856  4\$zAddress at time of PURL creation$uhttps://www.govinfo.gov/content/pkg/GOVPUB-C13-5e7d33cadd5d93c92aec4418421422cc/pdf/GOVPUB-C13-5e7d33cadd5d93c92aec4418421422cc.pdf
=856  40$uhttps://purl.fdlp.gov/GPO/gpo98511
=049  \\$aGPOO
=922  \\$aBatch-processed
=922  \\$aNIST-1$b20180815

