=LDR  01651nam  2200397Ia 45e0
=001  001076905
=003  OCoLC
=005  20180711120957.0
=008  161006s1972\\\\mdu\\\\\ob\\\f000\0\eng\d
=024  8\$aGOVPUB-C13-9638d29b588af5b0144347a77a25b0a9
=035  \\$a(OCoLC)959982563
=040  \\$aNBS$beng$erda$cNBS$dOCLCO$dOCLCQ
=086  0\$aC 13.38:10961
=100  1\$aBeausoliel, Robert W.
=245  10$aField investigation of the natural gas pipeline accident at Canterbury Woods Annandale, Virginia /$cRobert W. Beausoliel, Clinton W. Phillips, Jack E. Snell.
=264  \1$aGaithersburg, MD :$bU.S. Dept. of Commerce, National Institute of Standards and Technology,$c1972.
=300  \\$a1 online resource.
=336  \\$atext$btxt$2rdacontent
=337  \\$acomputer$bc$2rdamedia
=338  \\$aonline resource$bcr$2rdacarrier
=490  1\$aNBS report ;$v10961
=500  \\$a1972.
=500  \\$aContributed record: Metadata reviewed, not verified. Some fields updated by batch processes.
=500  \\$aTitle from PDF title page.
=504  \\$aIncludes bibliographical references.
=700  1\$aBeausoliel, Robert W.
=700  1\$aPhillips, Clinton W.
=700  1\$aSnell, Jack E.
=710  1\$aUnited States.$bNational Bureau of Standards.
=830  \0$aNBS report ;$v10961.
=856  4\$uhttps://dx.doi.org/10.6028/NBS.RPT.10961
=856  4\$zAddress at time of PURL creation$uhttps://www.govinfo.gov/content/pkg/GOVPUB-C13-9638d29b588af5b0144347a77a25b0a9/pdf/GOVPUB-C13-9638d29b588af5b0144347a77a25b0a9.pdf
=856  40$uhttps://purl.fdlp.gov/GPO/gpo100878
=049  \\$aGPOO
=922  \\$aBatch-processed
=922  \\$aNIST-1$b20180815

