=LDR  01569nam  2200397Ia 45e0
=001  001076721
=003  OCoLC
=005  20180711120957.0
=008  161006s1972\\\\mdu\\\\\ob\\\f000\0\eng\d
=024  8\$aGOVPUB-C13-63b1f7c9b38ecc813f1a29cc678fc48d
=035  \\$a(OCoLC)959982574
=040  \\$aNBS$beng$erda$cNBS$dOCLCO$dOCLCQ
=086  0\$aC 13.38:10833
=100  1\$aColner, Donald.
=245  10$aFire service location-allocation models /$cDonald Colner, David Gilsinn.
=264  \1$aGaithersburg, MD :$bU.S. Dept. of Commerce, National Institute of Standards and Technology,$c1972.
=300  \\$a1 online resource.
=336  \\$atext$btxt$2rdacontent
=337  \\$acomputer$bc$2rdamedia
=338  \\$aonline resource$bcr$2rdacarrier
=490  1\$aNBS report ;$v10833
=500  \\$a1972.
=500  \\$aContributed record: Metadata reviewed, not verified. Some fields updated by batch processes.
=500  \\$aTitle from PDF title page.
=504  \\$aIncludes bibliographical references.
=650  \0$aFire stations$xComputer simulation.
=700  1\$aColner, Donald.
=700  1\$aGilsinn, David.
=710  1\$aUnited States.$bNational Bureau of Standards.
=830  \0$aNBS report ;$v10833.
=856  4\$uhttps://dx.doi.org/10.6028/NBS.RPT.10833
=856  4\$zAddress at time of PURL creation$uhttps://www.govinfo.gov/content/pkg/GOVPUB-C13-63b1f7c9b38ecc813f1a29cc678fc48d/pdf/GOVPUB-C13-63b1f7c9b38ecc813f1a29cc678fc48d.pdf
=856  40$uhttps://purl.fdlp.gov/GPO/gpo98703
=049  \\$aGPOO
=922  \\$aBatch-processed
=922  \\$aNIST-1$b20180815

