=LDR  01695nam  2200421Ia 45e0
=001  001076442
=003  OCoLC
=005  20180711120956.0
=008  161006s1972\\\\mdu\\\\\ob\\\f000\0\eng\d
=024  8\$aGOVPUB-C13-20a377711ae0c7655f37376255f8d702
=035  \\$a(OCoLC)959982494
=040  \\$aNBS$beng$erda$cNBS$dOCLCO$dOCLCF$dOCLCQ
=043  \\$an-us-ak
=086  0\$aC 13.38:10676
=100  1\$aCullen, William C.
=245  14$aThe effects of the Fairbanks Alaska Flood on residential construction /$cWilliam C. Cullen.
=264  \1$aGaithersburg, MD :$bU.S. Dept. of Commerce, National Institute of Standards and Technology,$c1972.
=300  \\$a1 online resource.
=336  \\$atext$btxt$2rdacontent
=337  \\$acomputer$bc$2rdamedia
=338  \\$aonline resource$bcr$2rdacarrier
=490  1\$aNBS report ;$v10676
=500  \\$a1972.
=500  \\$aContributed record: Metadata reviewed, not verified. Some fields updated by batch processes.
=500  \\$aTitle from PDF title page.
=504  \\$aIncludes bibliographical references.
=650  \0$aFloods$zAlaska$zFairbanks.
=650  \7$aFloods.$2fast$0(OCoLC)fst00927573
=651  \7$aAlaska$zFairbanks.$2fast$0(OCoLC)fst01207610
=700  1\$aCullen, William C.
=710  1\$aUnited States.$bNational Bureau of Standards.
=830  \0$aNBS report ;$v10676.
=856  4\$uhttps://dx.doi.org/10.6028/NBS.RPT.10676
=856  4\$zAddress at time of PURL creation$uhttps://www.govinfo.gov/content/pkg/GOVPUB-C13-20a377711ae0c7655f37376255f8d702/pdf/GOVPUB-C13-20a377711ae0c7655f37376255f8d702.pdf
=856  40$uhttps://purl.fdlp.gov/GPO/gpo95939
=049  \\$aGPOO
=922  \\$aBatch-processed
=922  \\$aNIST-1$b20180815

