=LDR  01613nam  2200397Ia 45e0
=001  001076836
=003  OCoLC
=005  20180711120934.0
=008  161006s1972\\\\mdu\\\\\ob\\\f000\0\eng\d
=024  8\$aGOVPUB-C13-8335c9e361de3668cce082518ffdf1e7
=035  \\$a(OCoLC)959982562
=040  \\$aNBS$beng$erda$cNBS$dOCLCO$dOCLCQ
=086  0\$aC 13.38:10907
=100  1\$aNuttall, Ralph L.
=245  10$aElectrolyte Data Center :$bscope and outline of activities /$cRalph L. Nuttall, Bert R. Staples, George T. Armstrong.
=264  \1$aGaithersburg, MD :$bU.S. Dept. of Commerce, National Institute of Standards and Technology,$c1972.
=300  \\$a1 online resource.
=336  \\$atext$btxt$2rdacontent
=337  \\$acomputer$bc$2rdamedia
=338  \\$aonline resource$bcr$2rdacarrier
=490  1\$aNBS report ;$v10907
=500  \\$a1972.
=500  \\$aContributed record: Metadata reviewed, not verified. Some fields updated by batch processes.
=500  \\$aTitle from PDF title page.
=504  \\$aIncludes bibliographical references.
=700  1\$aArmstrong, George T.
=700  1\$aNuttall, Ralph L.
=700  1\$aStaples, B. R.$q(Bert R.)
=710  1\$aUnited States.$bNational Bureau of Standards.
=830  \0$aNBS report ;$v10907.
=856  4\$uhttps://dx.doi.org/10.6028/NBS.RPT.10907
=856  4\$zAddress at time of PURL creation$uhttps://www.govinfo.gov/content/pkg/GOVPUB-C13-8335c9e361de3668cce082518ffdf1e7/pdf/GOVPUB-C13-8335c9e361de3668cce082518ffdf1e7.pdf
=856  40$uhttps://purl.fdlp.gov/GPO/gpo99946
=049  \\$aGPOO
=922  \\$aBatch-processed
=922  \\$aNIST-1$b20180815

