=LDR  01840nam  2200469Ia 45e0
=001  001076679
=003  OCoLC
=005  20180711120952.0
=008  161006s1972\\\\mdu\\\\\ob\\\f000\0\eng\d
=019  \\$a994300406
=024  8\$aGOVPUB-C13-5741ae653b2b48d589ee396e35351e37
=035  \\$a(OCoLC)959981673$z(OCoLC)994300406
=040  \\$aNBS$beng$erda$cNBS$dOCLCO$dOCLCQ$dOCLCF
=086  0\$aC 13.38:10691
=100  1\$aPaabo, Maya.
=245  10$aFlash pyrolysis of polytetrafluoroethylene /$cMaya Paabo, J.J. Comeford.
=264  \1$aGaithersburg, MD :$bU.S. Dept. of Commerce, National Institute of Standards and Technology,$c1972.
=300  \\$a1 online resource.
=336  \\$atext$btxt$2rdacontent
=337  \\$acomputer$bc$2rdamedia
=338  \\$aonline resource$bcr$2rdacarrier
=490  1\$aNBS report ;$v10691
=500  \\$a1972.
=500  \\$aContributed record: Metadata reviewed, not verified. Some fields updated by batch processes.
=500  \\$aTitle from PDF title page.
=504  \\$aIncludes bibliographical references.
=650  \0$aDecomposition (Chemistry)
=650  \0$aPolytef$xTesting.
=650  \0$aPyrolysis.
=650  \7$aDecomposition (Chemistry)$2fast$0(OCoLC)fst00889125
=650  \7$aPyrolysis.$2fast$0(OCoLC)fst01084679
=700  1\$aComeford, J. J.
=700  1\$aPaabo, Maya.
=710  1\$aUnited States.$bNational Bureau of Standards.
=830  \0$aNBS report ;$v10691.
=856  4\$uhttps://doi.org/10.6028/NBS.RPT.10691
=856  4\$uhttps://dx.doi.org/10.6028/NBS.RPT.10691
=856  4\$zAddress at time of PURL creation$uhttps://www.govinfo.gov/content/pkg/GOVPUB-C13-5741ae653b2b48d589ee396e35351e37/pdf/GOVPUB-C13-5741ae653b2b48d589ee396e35351e37.pdf
=856  40$uhttps://purl.fdlp.gov/GPO/gpo98073
=049  \\$aGPOO
=922  \\$aBatch-processed
=922  \\$aNIST-1$b20180815

