=LDR  01614nam  2200397Ia 45e0
=001  001077194
=003  OCoLC
=005  20180711120957.0
=008  161006s1972\\\\mdu\\\\\ob\\\f000\0\eng\d
=024  8\$aGOVPUB-C13-deae63e0720bfe101b02fb1ed588c5bf
=035  \\$a(OCoLC)959982560
=040  \\$aNBS$beng$erda$cNBS$dOCLCO$dOCLCQ
=086  0\$aC 13.38:10872
=100  1\$aPerella, Frederick J.
=245  10$aIntegrated safeguards experiment :$bCampaign 2 report /$cFrederick J. Perella, Charles N. Smith.
=264  \1$aGaithersburg, MD :$bU.S. Dept. of Commerce, National Institute of Standards and Technology,$c1972.
=300  \\$a1 online resource.
=336  \\$atext$btxt$2rdacontent
=337  \\$acomputer$bc$2rdamedia
=338  \\$aonline resource$bcr$2rdacarrier
=490  1\$aNBS report ;$v10872
=500  \\$a1972.
=500  \\$aContributed record: Metadata reviewed, not verified. Some fields updated by batch processes.
=500  \\$aTitle from PDF title page.
=504  \\$aIncludes bibliographical references.
=650  \0$aFission products$xNondestructive testing.
=700  1\$aPerella, Frederick J.
=700  1\$aSmith, Charles N.
=710  1\$aUnited States.$bNational Bureau of Standards.
=830  \0$aNBS report ;$v10872.
=856  4\$uhttps://dx.doi.org/10.6028/NBS.RPT.10872
=856  4\$zAddress at time of PURL creation$uhttps://www.govinfo.gov/content/pkg/GOVPUB-C13-deae63e0720bfe101b02fb1ed588c5bf/pdf/GOVPUB-C13-deae63e0720bfe101b02fb1ed588c5bf.pdf
=856  40$uhttps://purl.fdlp.gov/GPO/gpo104057
=049  \\$aGPOO
=922  \\$aBatch-processed
=922  \\$aNIST-1$b20180815

