=LDR  01743nam  2200433Ia 45e0
=001  001076571
=003  OCoLC
=005  20180711120957.0
=008  161006s1972\\\\mdu\\\\\ob\\\f000\0\eng\d
=024  8\$aGOVPUB-C13-3d94a48590bb1480c78c31b28231253e
=035  \\$a(OCoLC)959982572
=040  \\$aNBS$beng$erda$cNBS$dOCLCO$dOCLCF$dOCLCQ
=086  0\$aC 13.38:10812
=100  1\$aSmith, C. N.
=245  10$aDetailed analyses of measurements in the integrated safeguards experiment /$cC.N. Smith, F.J. Perella.
=264  \1$aGaithersburg, MD :$bU.S. Dept. of Commerce, National Institute of Standards and Technology,$c1972.
=300  \\$a1 online resource.
=336  \\$atext$btxt$2rdacontent
=337  \\$acomputer$bc$2rdamedia
=338  \\$aonline resource$bcr$2rdacarrier
=490  1\$aNBS report ;$v10812
=500  \\$a1972.
=500  \\$aContributed record: Metadata reviewed, not verified. Some fields updated by batch processes.
=500  \\$aTitle from PDF title page.
=504  \\$aIncludes bibliographical references.
=650  \0$aManufacturing processes.
=650  \0$aNuclear fuels.
=650  \7$aManufacturing processes.$2fast$0(OCoLC)fst01008139
=650  \7$aNuclear fuels.$2fast$0(OCoLC)fst01040208
=700  1\$aPerella, F. J.
=700  1\$aSmith, C. N.
=710  1\$aUnited States.$bNational Bureau of Standards.
=830  \0$aNBS report ;$v10812.
=856  4\$uhttps://dx.doi.org/10.6028/NBS.RPT.10812
=856  4\$zAddress at time of PURL creation$uhttps://www.govinfo.gov/content/pkg/GOVPUB-C13-3d94a48590bb1480c78c31b28231253e/pdf/GOVPUB-C13-3d94a48590bb1480c78c31b28231253e.pdf
=856  40$uhttps://purl.fdlp.gov/GPO/gpo97005
=049  \\$aGPOO
=922  \\$aBatch-processed
=922  \\$aNIST-1$b20180815

