=LDR  01943nam  2200409Ia 45e0
=001  001076755
=003  OCoLC
=005  20180711120934.0
=008  161006s1972\\\\mdu\\\\\ob\\\f000\0\eng\d
=024  8\$aGOVPUB-C13-6c8e783a2bc95d960ca2a9fd53009249
=035  \\$a(OCoLC)959982561
=040  \\$aNBS$beng$erda$cNBS$dOCLCO$dOCLCQ$dOCLCF
=086  0\$aC 13.38:10904
=110  1\$aUnited States.$bNational Bureau of Standards.
=245  10$aInterim report on the thermodynamics of chemical species important in aerospace technology :$bthe previous reports in this series have the NBS report nos. 6297, 6484, 6645, 6928, 7093, 7192, 7437, 7587, 7796, 8033, 8186, 8504, 8628, 8819, 9028, 9389, 9500, 9601, 9803, 9905, 10004, 10074, 10326, and 10481 /$cNational Bureau of Standards.
=264  \1$aGaithersburg, MD :$bU.S. Dept. of Commerce, National Institute of Standards and Technology,$c1972.
=300  \\$a1 online resource.
=336  \\$atext$btxt$2rdacontent
=337  \\$acomputer$bc$2rdamedia
=338  \\$aonline resource$bcr$2rdacarrier
=490  1\$aNBS report ;$v10904
=500  \\$a1972.
=500  \\$aContributed record: Metadata reviewed, not verified. Some fields updated by batch processes.
=500  \\$aTitle from PDF title page.
=504  \\$aIncludes bibliographical references.
=650  \0$aHeat resistant alloys$xThermal properties.
=650  \0$aMeasurement$xTesting.
=650  \0$aThermodynamics.
=650  \7$aThermodynamics.$2fast$0(OCoLC)fst01149832
=710  1\$aUnited States.$bNational Bureau of Standards.
=830  \0$aNBS report ;$v10904.
=856  4\$uhttps://dx.doi.org/10.6028/NBS.RPT.10904
=856  4\$zAddress at time of PURL creation$uhttps://www.govinfo.gov/content/pkg/GOVPUB-C13-6c8e783a2bc95d960ca2a9fd53009249/pdf/GOVPUB-C13-6c8e783a2bc95d960ca2a9fd53009249.pdf
=856  40$uhttps://purl.fdlp.gov/GPO/gpo99046
=049  \\$aGPOO
=922  \\$aBatch-processed
=922  \\$aNIST-1$b20180815

